1898 3418
915 204 1182 248 -6-

264 338 409 394 lange,
433 337 539 380 aber
557 337 630 379 Du
651 339 795 378 musst
818 335 943 379 nicht
964 336 1046 378 mit
1069 335 1156 378 mir
1170 335 1443 388 verkehren;
1465 334 1552 392 geh
1566 348 1622 378 zu
1642 324 1828 387 andem,

267 409 430 452 melche
480 408 593 451 Dich
626 406 1021 463 Wankelmt'itigen
1079 406 1229 450 besser
1266 407 1488 450 kennen.“
1542 406 1723 464 Optime
1760 406 1832 452 vir

267 480 423 523 doctus
455 484 598 522 totum
633 478 954 522 sententiarum
978 492 1200 522 conexum
1231 478 1343 521 mihi
1375 478 1619 535 explicasse
1638 477 1831 532 videtur,

268 552 354 595 nisi
386 551 508 608 quod
539 565 640 594 mea
672 549 856 607 quidem
890 550 1110 593 sententia
1141 564 1232 593 non
1265 554 1381 593 recte
1403 549 1601 607 percepit
1631 553 1834 594 extrema

268 622 404 666 verba
426 621 610 665 secundi
633 621 809 664 distichi
834 624 882 665 οἳ
897 619 974 666 τόν
995 622 1074 666 σὸν
1095 621 1263 679 μᾶλλον
1283 626 1399 667 ἴσασι
1430 622 1545 673 νόον,
1569 634 1674 664 cum
1695 634 1748 664 ea
1767 620 1832 665 sie

268 698 435 739 vertat:
463 693 627 736 welche
644 693 759 736 Dich
777 692 1172 749 Wankelmiitigen
1200 692 1350 736 besser
1370 693 1562 736 kennen.
1595 690 1834 744 Quomodo

269 765 390 808 enim
422 769 553 822 poeta
591 764 735 807 dicere
767 768 934 821 potest:
977 765 1130 807 confer
1161 768 1203 807 te
1239 763 1295 807 ad
1327 764 1450 817 alios,
1486 764 1565 821 qui
1602 768 1644 807 te
1680 763 1832 808 ineon—

273 841 465 880 stantem
497 836 657 879 melius
689 840 924 887 noverunt,
958 850 1062 879 cum
1094 835 1283 878 dubium
1324 850 1416 878 non
1453 835 1522 887 sit,
1560 835 1672 893 quin
1702 837 1835 893 poeta

271 908 576 965 comparativo
607 909 776 966 μᾶλλον
807 898 916 950 usus
935 907 991 950 ad
1015 921 1061 950 se
1083 907 1233 964 ipsum
1265 906 1484 964 respiciat,
1518 907 1596 964 qui
1627 906 1833 951 animum

272 979 480 1023 mobilem
523 979 650 1036 pueri
683 993 827 1036 nuper
850 985 1059 1036 expertus
1091 979 1186 1022 eius
1209 993 1407 1022 amorem
1432 978 1633 1035 spernit?
1673 978 1836 1023 Nonne

274 1066 430 1095 omnes
461 1066 551 1108 quo
583 1051 743 1094 melius
776 1051 870 1094 eius
902 1051 1249 1094 inconstantiam
1270 1050 1574 1106 cognoverint,
1607 1064 1659 1094 eo
1689 1049 1864 1108 magis

272 1138 465 1180 puerum
497 1122 725 1179 aspernari
764 1137 943 1165 necesse
982 1122 1084 1165 est‘?
1146 1122 1199 1164 In
1231 1121 1423 1165 similem
1459 1135 1654 1165 errorem
1689 1121 1838 1167 Cauer

272 1194 482 1237 incidisse
515 1194 703 1246 videtur,
749 1194 828 1250 qui
868 1194 893 1236 l.
928 1207 963 1237 c.
998 1208 1099 1250 pag.
1132 1193 1218 1236 543
1251 1193 1407 1236 eodem
1447 1194 1537 1237 fere
1579 1192 1714 1236 modo
1744 1206 1837 1251 quo

272 1266 575 1309 Reitzenstein
590 1281 632 1309 v.
651 1266 737 1308 598
753 1266 906 1309 vertit:
926 1265 1141 1309 verkehre
1163 1265 1246 1307 mit
1257 1264 1454 1308 anderen
1466 1265 1650 1317 Leuten,
1673 1264 1838 1309 welche

275 1337 450 1380 Deinen
484 1337 595 1380 Sinn
627 1337 777 1380 besser
808 1337 999 1380 kennen.
1064 1336 1343 1380 Vertendum
1367 1341 1461 1379 erat
1491 1331 1838 1380 Reitzensteinio

275 1414 317 1452 et
339 1409 533 1453 Cauero:
562 1409 739 1452 Welche
772 1409 865 1452 sich
891 1408 1040 1452 besser
1070 1409 1149 1451 auf
1171 1408 1313 1451 Deine
1336 1407 1567 1451 Sinuesart
1588 1407 1835 1452 verstehen.

276 1481 500 1531 Quoniam
535 1481 598 1524 sic
630 1481 783 1523 omnia
814 1481 982 1537 optime
1013 1480 1131 1523 inter
1161 1494 1208 1523 se
1240 1479 1477 1536 quadrant,
1510 1479 1623 1522 mihi
1655 1492 1838 1537 quoque

278 1552 502 1595 reicienda
522 1552 699 1596 videtur
722 1552 901 1608 Bergkii
925 1552 1190 1603 coniectura,
1225 1551 1303 1608 qui
1325 1566 1406 1608 pro
1437 1559 1524 1603 καί,
1560 1564 1840 1608 quamquam

279 1628 469 1680 utroque
486 1624 581 1667 loco
598 1623 803 1666 codicum
825 1623 1063 1666 auctoritas
1082 1623 1198 1666 hanc
1219 1622 1455 1666 lectionem
1471 1626 1633 1675 tuetur,
1648 1621 1839 1666 seribere

282 1695 424 1739 voluit
464 1707 560 1740 παῖ.
625 1695 712 1738 Sed
743 1695 834 1738 iam
875 1694 1167 1752 inspiciamus
1198 1694 1363 1737 librum
1396 1701 1448 1747 B,
1481 1693 1559 1738 ubi
1589 1707 1746 1738 versus
1775 1693 1840 1738 sic

281 1767 506 1810 immutati
538 1767 770 1823 leguntur:

494 1852 587 1909 Δήν
620 1849 671 1908 δή
705 1859 779 1895 καὶ
811 1854 926 1904 φίλοι
959 1846 1087 1908 ὦμεν·
1121 1850 1256 1895 ἔπειτ’
1290 1849 1489 1895 ἄλλοισιν
1520 1847 1675 1907 ὅμίλει,

492 1919 604 1981 ἦθος
635 1923 746 1980 ἔχων
778 1924 937 1974 δόλιον,
970 1931 1137 1975 πίστιος
1168 1923 1422 1967 ἀντίτυπον.

425 2018 717 2075 Perspicuum
748 2018 860 2060 mihi
906 2032 1000 2061 esse
1032 2017 1210 2061 videtur
1253 2017 1334 2060 has
1378 2017 1648 2060 mutationes
1688 2015 1840 2061 deberi

283 2090 468 2142 homini,
501 2090 580 2146 qui
612 2089 846 2142 distichon,
871 2089 992 2146 quod
1023 2103 1051 2132 a
1071 2104 1113 2133 v.
1138 2089 1270 2132 595-
1286 2090 1343 2132 96
1375 2088 1627 2132 seiunctum
1658 2102 1842 2133 sensum

283 2177 373 2204 non
396 2162 639 2218 praeberet,
658 2162 719 2204 ita
750 2162 988 2204 immutare
1011 2161 1157 2213 vellet,
1190 2165 1240 2204 ut
1271 2175 1350 2217 per
1381 2175 1427 2204 se
1458 2160 1656 2217 intellegi
1676 2163 1838 2218 posset.

274 2233 518 2291 ,Simillime
549 2233 604 2276 de
626 2233 709 2276 hoc
742 2233 931 2276 disticho
954 2233 1099 2276 Cauer
1119 2232 1145 2274 l.
1165 2246 1200 2275 c.
1226 2232 1327 2289 egit,
1351 2246 1630 2289 quamquam
1651 2230 1842 2276 disticha

275 2301 443 2362 'prioris
466 2304 565 2347 libri
598 2305 724 2347 aliter
747 2304 1062 2361 interpretatus
1094 2308 1159 2346 est
1180 2317 1231 2346 ac
1253 2303 1566 2355 Reitzenstein,
1600 2317 1738 2361 quem
1757 2316 1840 2360 ego

286 2381 465 2420 secutus
498 2391 612 2419 sum.
677 2375 878 2419 Offendit
908 2380 1059 2419 autem
1091 2389 1163 2418 me
1195 2375 1243 2418 in
1274 2375 1434 2418 Caueri
1476 2374 1840 2432 interpretatione

284 2448 519 2505 imprimis,
543 2447 663 2505 quod
682 2447 819 2491 verba
840 2447 920 2506 δῆν
944 2449 998 2506 δή
1021 2462 1123 2490 cum
1146 2445 1511 2490 antecedentibus
1527 2444 1842 2504 coniungenda

286 2535 380 2564 esse
417 2524 579 2571 censet,
619 2524 669 2562 ut
700 2519 773 2562 hic
810 2534 966 2562 sensus
999 2518 1199 2563 eveniat:
1251 2532 1429 2561 »ausser
1466 2517 1567 2561 dem
1601 2516 1839 2562 Reiehtum

285 2592 399 2635 habe
432 2591 503 2634 ich
535 2592 582 2648 ja
614 2591 760 2648 langst
781 2591 864 2634 alle
887 2590 1033 2647 Dinge
1065 2594 1190 2633 satt.«
1234 2589 1345 2632 Mihi
1377 2603 1533 2633 versus
1554 2589 1641 2633 596
1661 2603 1690 2632 a
1709 2591 1842 2646 poeta

286 2679 378 2707 non
410 2663 464 2706 de
497 2677 578 2705 sua
619 2663 759 2719 ipsius
799 2662 938 2705 animi
979 2662 1233 2705 conditione
1279 2660 1357 2704 sed
1396 2661 1443 2703 in
1484 2661 1747 2705 uuiversum
1783 2658 1839 2704 de

287 2735 453 2779 divitiis
485 2739 528 2777 et
548 2734 785 2776 hominum
816 2738 977 2776 natura
1007 2733 1151 2776 dictus
1183 2747 1277 2776 esse
1299 2732 1499 2785 videtur;
1532 2732 1586 2776 cf.
1620 2730 1764 2776 simile
1784 2727 1841 2776 de

288 2807 454 2851 divitiis
485 2805 700 2849 iudicium
733 2805 780 2847 in
811 2820 853 2848 v.
887 2806 970 2847 227
990 2819 1045 2848 ss.
1080 2808 1123 2848 et
1157 2804 1267 2847 1157
1286 2818 1340 2848 ss.
1405 2804 1660 2860 Utcumque
1692 2815 1762 2846 res
1792 2815 1841 2846 se

288 2878 434 2930 habet,
474 2892 606 2920 nemo
645 2881 760 2920 certe
802 2876 982 2933 negabit
1025 2877 1072 2919 in
1103 2875 1215 2919 libro
1247 2883 1293 2920 A
1321 2875 1566 2932 genuinam
1605 2873 1840 2918 lectionem
1873 2904 1877 2908 -

289 2949 465 2993 distichi
499 2953 717 2992 servatam
753 2963 847 2991 esse
880 2953 922 2991 et
953 2948 1197 2991 arctissime
1223 2947 1270 2989 in
1302 2961 1353 2990 eo
1386 2946 1496 2990 libro
1528 2945 1762 2998 distichon,
1784 2943 1841 2991 de

289 3036 378 3079 quo
410 3020 598 3078 agimus,
632 3034 735 3066 cum
766 3019 1053 3063 antecedente
1085 3018 1373 3062 coniunctum
1406 3032 1511 3062 esse.
