1898 3418
895 164 1158 206 ...4—

251 297 378 339 dines
419 295 502 339 sibi
534 295 759 340 invenisse
791 294 981 347 videtur,
1014 293 1091 337 ubi
1123 298 1239 338 certe
1271 309 1361 338 non
1393 295 1560 339 insunt.
1622 295 1808 354 Compa-

251 372 318 410 rat
351 381 386 410 e.
419 381 483 423 gr.
518 381 616 424 pag.
654 367 678 409 7
712 381 815 409 cum
847 365 995 410 verbis
1029 366 1203 412 οἷἳποθ’
1236 364 1356 426 ὕδωρ
1387 374 1462 412 καὶ
1493 369 1581 426 πῦρ
1612 369 1808 425 συμμίξε·

250 457 323 483 ται
355 441 410 496 (v.
450 439 582 495 1245)
613 437 750 482 verba
781 438 859 484 νῦν
891 440 917 483 δ
947 434 1031 496 ἤδη
1063 439 1328 490 τεθόλωται,
1361 436 1474 498 ὕδωρ
1505 440 1542 483 δ’
1577 438 1808 496 ἀναμίσγε-

250 530 324 555 ται
337 509 486 566 ἰλυῑ(ν.
508 510 621 567 961).
645 509 870 566 Equidem
893 508 1063 552 nullam
1082 509 1215 552 aliam
1239 509 1578 553 similitudinem
1594 508 1808 567 indagaro

251 582 389 639 potui,
422 581 509 624 nisi
526 580 647 638 quod
670 585 859 638 utroque
890 580 985 623 1000
1007 585 1138 637 poeta
1154 580 1209 624 de
1230 595 1350 638 aqua
1380 581 1578 638 loquitur
1598 585 1642 624 et
1671 579 1811 639 verbo,

250 663 430 711 μίγνυμι
443 653 601 705 11111111;
615 652 693 696 sed
709 652 846 695 altero
858 651 964 695 dicit
974 666 1141 709 aquam
1155 656 1198 695 et
1211 652 1363 709 ignem
1376 652 1553 696 misceri
1560 666 1653 696 non
1663 665 1807 710 posse,

251 725 388 767 altero
435 724 724 767 translatione
756 727 800 767 et
830 723 1026 780 imagine
1058 737 1166 767 usus
1197 724 1333 767 fontis
1363 738 1529 781 aquam
1570 724 1677 767 limo
1720 728 1808 768 tut·-

251 795 403 839 batam
435 810 543 839 esse.
607 796 700 839 Nec
732 795 875 838 maior
896 794 1140 838 similitudo
1157 795 1390 839 intercedit
1420 795 1536 839 inter
1550 795 1809 853 proximum

251 867 474 911 distichon
509 867 738 909 1247—48

468 937 710 999 Φρόντισον
739 939 875 993 ἔχθος
907 938 1016 996 ἐμόν
1052 947 1128 984 καὶ
1158 935 1420 998 ὖπέρβασιν,
1453 943 1551 984 ἴσθι
1582 940 1630 984 δὲ
1659 941 1808 1000 θυμῷ,

464 1009 522 1063 (ἶίς
555 1015 590 1055 o’
623 1011 688 1068 ἐφ’
722 1010 959 1076 ἁμαρτωλῇ
988 1019 1161 1068 τίσομαι
1194 1012 1251 1064 αἷς
1282 1012 1479 1067 δύναμαι

465 1086 508 1125 01
539 1097 583 1126 v.
617 1082 847 1125 325—27:

468 1158 513 1198 εἴ
536 1155 598 1203 ἵεις
630 1155 910 1219 ἁμαρτωλῇσι
942 1155 1076 1212 φίλων
1107 1155 1182 1199 ἐπὶ
1214 1162 1352 1200 παντὶ
1382 1157 1560 1214 χολῷτο,

465 1225 517 1271 οὔ
547 1230 642 1270 ποτ’
677 1224 736 1271 ἄν
768 1220 968 1283 οἷλλήλοις
999 1225 1186 1286 ἄρθμιοι
1217 1226 1321 1272 οὐδὲ
1351 1229 1467 1284 φίλοι

464 1306 563 1341 elev.

363 1359 622 1411 ⁴Facillime
661 1367 819 1411 talium
863 1368 1171 1426 exemplorum
1211 1383 1427 1412 numerus
1468 1383 1523 1412 ex
1565 1368 1678 1412 libro
1708 1368 1809 1412 Cor·

253 1440 398 1483 sennii
444 1439 598 1496 angeri
644 1444 801 1496 potest,
849 1439 927 1483 sed
958 1440 1049 1483 iam
1095 1440 1205 1483 haec
1236 1441 1480 1493 mittamus,
1512 1455 1616 1484 cum
1647 1439 1811 1484 talibus

255 1510 637 1563 similitudinibus,
671 1525 787 1567 quae
809 1511 957 1555 nullae
980 1516 1098 1567 sunt,
1119 1512 1400 1569 comprobari
1421 1526 1512 1555 non
1543 1526 1675 1569 posse
1705 1525 1809 1555 eum

253 1583 333 1639 qui
365 1582 527 1626 librum
563 1589 604 1626 B
633 1583 907 1640 conscripsit,
942 1583 1055 1626 libro
1086 1590 1132 1628 A
1152 1597 1286 1626 usum
1308 1598 1403 1627 esse
1434 1584 1492 1627 ad
1523 1598 1627 1627 suos
1657 1597 1814 1629 versus

251 1653 480 1697 faciendos
511 1654 618 1697 satis
650 1653 1005 1698 demonstratum
1036 1655 1299 1698 existimem.

1007 1846 1062 1890 H.

396 1929 483 1973 Sed
505 1929 675 1973 accedit
697 1929 832 1973 aliud.
868 1930 1132 1987 Leguntur
1120 1945 1167 1972 111
1191 1929 1302 1973 libro
1323 1934 1366 1972 B
1386 1930 1588 1987 quinque
1609 1930 1811 1983 disticha,

255 2015 371 2058 quae
403 2001 450 2044 in
483 2002 629 2058 priore
661 2015 841 2058 quoque
873 2001 984 2045 libro
1017 2005 1267 2045 occurrunt.
1301 2001 1449 2044 Cum
1437 2015 1529 2044 lam
1549 2001 1627 2045 diu
1648 2015 1675 2045 a
1705 2002 1814 2046 viris

254 2073 395 2116 doctis
427 2073 658 2129 cognitum
680 2073 748 2125 sit,
772 2087 827 2116 ex
858 2073 967 2130 ipsis
998 2073 1200 2117 versibus
1232 2073 1429 2130 repetitis
1450 2077 1657 2116 naturam
1678 2073 1814 2117 totius

256 2145 540 2196 collectionis,
583 2158 698 2201 quae
743 2144 1016 2201 Theognidis
1059 2158 1224 2187 nomen
1263 2145 1360 2197 fert,
1409 2144 1575 2201 optime
1622 2144 1814 2202 perspici

255 2230 399 2273 posse,
433 2219 476 2259 et
497 2216 748 2272 complures
780 2216 871 2259 iam
902 2216 1019 2259 hanc
1039 2216 1318 2273 singulorum
1342 2230 1554 2260 versuum
1586 2221 1666 2259 aut
1695 2215 1815 2260 disti-

254 2288 441 2330 chorum
490 2287 798 2344 repetitionem
845 2288 893 2330 in
939 2288 1083 2345 priore
1131 2287 1242 2331 libro
1289 2287 1509 2345 explicare
1547 2287 1812 2341 studuerint,

253 2359 344 2402 iam
392 2373 560 2411 versus,
609 2359 688 2416 qui
734 2359 781 2402 in
829 2364 1020 2416 utroque
1069 2359 1180 2402 libro
1219 2359 1523 2411 inveniuntur,
1565 2359 1814 2403 accuratius

254 2431 561 2487 inspiciamus.
624 2430 739 2473 Sunt
770 2436 921 2474 autem
952 2431 1021 2475 hi:

398 2517 438 2546 v.
478 2503 709 2545 1151—52
752 2506 1014 2559 repetuntur
1057 2507 1155 2559 post
1190 2503 1300 2545 1238
1333 2502 1601 2555 (secundum
1632 2502 1700 2546 ed.
1732 2501 1813 2556 IV,

254 2588 296 2631 p.
318 2574 345 2616 l.
373 2573 576 2632 Bergkii)
597 2588 639 2617 v.
666 2574 871 2616 597-—98
904 2578 1009 2617 sunt
1029 2573 1148 2617 idem
1171 2588 1222 2617 ac
1248 2574 1491 2626 1243—44,
1514 2589 1556 2618 v.
1583 2573 1814 2618 1101-02

255 2648 517 2702 repetuntur
558 2649 659 2701 post
700 2646 826 2697 1278,
874 2645 994 2702 quod
1040 2645 1260 2688 distichon
1304 2645 1522 2702 Bergkius
1561 2646 1610 2688 in
1641 2649 1814 2689 textum

257 2716 359 2759 libri
393 2722 434 2759 B
465 2731 556 2759 non
588 2717 764 2773 recepit,
801 2731 882 2760 1100
913 2717 1064 2760 minus
1103 2717 1252 2760 omisit
1285 2731 1324 2760 v.
1358 2717 1577 2770 949—50,
1615 2717 1815 2774 quiante

261 2788 372 2830 1279
407 2792 448 2830 et
480 2803 521 2831 v.
561 2788 774 2840 1107-8,
809 2788 887 2845 qui
920 2793 1019 2845 post
1056 2789 1167 2831 1318
1199 2792 1471 2845 repetuntur.

398 2871 547 2927 Atque
588 2871 749 2914 horum
795 2871 976 2928 quidem
1021 2871 1312 2915 distichorum
1352 2873 1547 2929 primum
1583 2871 1814 2917 Bekkerus

255 2943 302 2987 in
335 2942 446 2985 libro
470 2949 511 2985 B
530 2943 760 2999 expunxit,
785 2943 1002 2999 Bergkius
1025 2943 1071 2985 111
1094 2947 1217 2986 textu
1235 2944 1415 2986 retinuit
1438 2943 1546 2987 haec
1567 2947 1812 2988 annotans:
