<?xml version="1.0" encoding="UTF-8"?>
<!DOCTYPE html PUBLIC "-//W3C//DTD XHTML 1.0 Transitional//EN"
    "http://www.w3.org/TR/xhtml1/DTD/xhtml1-transitional.dtd">
<html xmlns="http://www.w3.org/1999/xhtml" xml:lang="en" lang="en">
 <head>
  <title>
</title>
<meta http-equiv="Content-Type" content="text/html;charset=utf-8" />
  <meta name='ocr-system' content='tesseract 3.04.00' />
  <meta name='ocr-capabilities' content='ocr_page ocr_carea ocr_par ocr_line ocrx_word'/>
</head>
<body>
  <div class='ocr_page' id='page_1' title='image "./quaeratiointerce00fresuoft_0022.png"; bbox 0 0 1898 3418; ppageno 0'>
   <div class='ocr_carea' id='block_1_1' title="bbox 934 0 1898 217">
    <p class='ocr_par' dir='ltr' id='par_1_1' title="bbox 934 0 1898 217">
     <span class='ocr_line' id='line_1_1' title="bbox 1799 0 1898 72; baseline 0 -38"><span class='ocrx_word' id='word_1_1' title='bbox 1799 0 1898 72; x_wconf 42' lang='grc' dir='ltr'><strong>’,ἐξ</strong></span> 
     </span>
     <span class='ocr_line' id='line_1_2' title="bbox 934 155 1876 217; baseline 0 0"><span class='ocrx_word' id='word_1_2' title='bbox 934 196 988 203; x_wconf 89' lang='grc'>-</span> <span class='ocrx_word' id='word_1_3' title='bbox 1057 172 1111 217; x_wconf 85' lang='lat'><strong>14</strong></span> <span class='ocrx_word' id='word_1_4' title='bbox 1182 196 1228 204; x_wconf 87' lang='lat'><em>-</em></span> <span class='ocrx_word' id='word_1_5' title='bbox 1860 155 1876 172; x_wconf 68' lang='lat'><strong>⁹</strong></span> 
     </span>
    </p>
   </div>
   <div class='ocr_carea' id='block_1_2' title="bbox 291 301 1898 2372">
    <p class='ocr_par' dir='ltr' id='par_1_2' title="bbox 291 301 1859 432">
     <span class='ocr_line' id='line_1_3' title="bbox 294 301 1859 360; baseline 0.004 -15"><span class='ocrx_word' id='word_1_6' title='bbox 294 301 499 346; x_wconf 86' lang='lat' dir='ltr'><strong>versibus</strong></span> <span class='ocrx_word' id='word_1_7' title='bbox 532 302 736 345; x_wconf 74' lang='lat'><strong>933-34</strong></span> <span class='ocrx_word' id='word_1_8' title='bbox 770 316 844 346; x_wconf 84' lang='lat' dir='ltr'><strong>eos</strong></span> <span class='ocrx_word' id='word_1_9' title='bbox 867 303 1170 360; x_wconf 87' lang='lat' dir='ltr'><strong>coniungeret,</strong></span> <span class='ocrx_word' id='word_1_10' title='bbox 1203 303 1281 360; x_wconf 92' lang='lat' dir='ltr'><strong>qui</strong></span> <span class='ocrx_word' id='word_1_11' title='bbox 1302 317 1459 348; x_wconf 81' lang='lat' dir='ltr'><strong>versus</strong></span> <span class='ocrx_word' id='word_1_12' title='bbox 1490 309 1607 350; x_wconf 84' lang='lat' dir='ltr'><strong>certe</strong></span> <span class='ocrx_word' id='word_1_13' title='bbox 1637 319 1731 351; x_wconf 90' lang='grc'>11011</span> <span class='ocrx_word' id='word_1_14' title='bbox 1749 308 1859 355; x_wconf 69' lang='lat' dir='ltr'><strong>mia</strong></span> 
     </span>
     <span class='ocr_line' id='line_1_4' title="bbox 291 373 1159 432; baseline 0.001 -16"><span class='ocrx_word' id='word_1_15' title='bbox 291 374 525 432; x_wconf 79' lang='lat' dir='ltr'><strong>Tyrtaei¹),</strong></span> <span class='ocrx_word' id='word_1_16' title='bbox 559 373 804 417; x_wconf 87' lang='lat' dir='ltr'><strong>diiudicare</strong></span> <span class='ocrx_word' id='word_1_17' title='bbox 836 388 927 417; x_wconf 92' lang='lat' dir='ltr'><strong>non</strong></span> <span class='ocrx_word' id='word_1_18' title='bbox 960 389 1159 431; x_wconf 86' lang='lat' dir='ltr'><strong>possum.</strong></span> 
     </span>
    </p>

    <p class='ocr_par' dir='ltr' id='par_1_3' title="bbox 292 446 1898 2372">
     <span class='ocr_line' id='line_1_5' title="bbox 437 446 1860 507; baseline 0.006 -19"><span class='ocrx_word' id='word_1_19' title='bbox 437 446 534 488; x_wconf 89' lang='lat' dir='ltr'><strong>Iam</strong></span> <span class='ocrx_word' id='word_1_20' title='bbox 569 450 746 489; x_wconf 80' lang='lat' dir='ltr'><strong>transeo</strong></span> <span class='ocrx_word' id='word_1_21' title='bbox 794 446 851 489; x_wconf 89' lang='lat' dir='ltr'><strong>ad</strong></span> <span class='ocrx_word' id='word_1_22' title='bbox 893 446 1221 490; x_wconf 86' lang='lat' dir='ltr'><strong>enumerandos</strong></span> <span class='ocrx_word' id='word_1_23' title='bbox 1253 461 1409 491; x_wconf 86' lang='lat' dir='ltr'><strong>versus</strong></span> <span class='ocrx_word' id='word_1_24' title='bbox 1452 448 1640 502; x_wconf 79' lang='lat' dir='ltr'><strong>Solonis,</strong></span> <span class='ocrx_word' id='word_1_25' title='bbox 1685 449 1767 507; x_wconf 83' lang='lat' dir='ltr'><strong>qui</strong></span> <span class='ocrx_word' id='word_1_26' title='bbox 1805 449 1860 497; x_wconf 71' lang='lat' dir='ltr'><strong>in</strong></span> 
     </span>
     <span class='ocr_line' id='line_1_6' title="bbox 292 517 1859 574; baseline 0.005 -15"><span class='ocrx_word' id='word_1_27' title='bbox 292 517 592 574; x_wconf 85' lang='lat' dir='ltr'><strong>Theognideis</strong></span> <span class='ocrx_word' id='word_1_28' title='bbox 614 518 918 562; x_wconf 83' lang='lat' dir='ltr'><strong>inveniuntur.</strong></span> <span class='ocrx_word' id='word_1_29' title='bbox 968 518 1038 560; x_wconf 85' lang='lat' dir='ltr'><strong>Ex</strong></span> <span class='ocrx_word' id='word_1_30' title='bbox 1063 518 1266 562; x_wconf 87' lang='lat' dir='ltr'><strong>versibus</strong></span> <span class='ocrx_word' id='word_1_31' title='bbox 1288 520 1490 563; x_wconf 81' lang='lat'>153-54</span> <span class='ocrx_word' id='word_1_32' title='bbox 1506 520 1713 566; x_wconf 81' lang='lat' dir='ltr'><strong>Clemens</strong></span> <span class='ocrx_word' id='word_1_33' title='bbox 1727 520 1859 567; x_wconf 53' lang='lat' dir='ltr'><strong>Alex*-</strong></span> 
     </span>
     <span class='ocr_line' id='line_1_7' title="bbox 296 589 1856 645; baseline 0.006 -14"><span class='ocrx_word' id='word_1_34' title='bbox 296 589 514 632; x_wconf 83' lang='lat' dir='ltr'><strong>andrinus</strong></span> <span class='ocrx_word' id='word_1_35' title='bbox 546 589 858 632; x_wconf 86' lang='lat' dir='ltr'><strong>hexametrum</strong></span> <span class='ocrx_word' id='word_1_36' title='bbox 890 591 1032 640; x_wconf 80' lang='lat' dir='ltr'><strong>affert,</strong></span> <span class='ocrx_word' id='word_1_37' title='bbox 1056 604 1160 634; x_wconf 91' lang='lat' dir='ltr'><strong>cum</strong></span> <span class='ocrx_word' id='word_1_38' title='bbox 1182 590 1343 634; x_wconf 85' lang='lat' dir='ltr'><strong>Strom.</strong></span> <span class='ocrx_word' id='word_1_39' title='bbox 1369 591 1446 645; x_wconf 89' lang='lat' dir='ltr'><strong>VI,</strong></span> <span class='ocrx_word' id='word_1_40' title='bbox 1466 592 1552 637; x_wconf 87' lang='lat'><strong>740</strong></span> <span class='ocrx_word' id='word_1_41' title='bbox 1582 592 1692 637; x_wconf 85' lang='lat' dir='ltr'><strong>haec</strong></span> <span class='ocrx_word' id='word_1_42' title='bbox 1713 592 1856 640; x_wconf 52' lang='lat' dir='ltr'><strong>dieat}</strong></span> 
     </span>
     <span class='ocr_line' id='line_1_8' title="bbox 293 661 1860 724; baseline 0.004 -19"><span class='ocrx_word' id='word_1_43' title='bbox 293 663 494 715; x_wconf 77' lang='grc' dir='ltr'><strong><em>Σόλωνος</em></strong></span> <span class='ocrx_word' id='word_1_44' title='bbox 527 663 575 706; x_wconf 74' lang='grc' dir='ltr'><strong>δὲ</strong></span> <span class='ocrx_word' id='word_1_45' title='bbox 607 661 887 720; x_wconf 82' lang='grc' dir='ltr'><strong><em>ποιήσαντος·</em></strong></span> <span class='ocrx_word' id='word_1_46' title='bbox 926 671 1059 708; x_wconf 80' lang='grc' dir='ltr'><strong><em>τίκτει</em></strong></span> <span class='ocrx_word' id='word_1_47' title='bbox 1089 664 1174 724; x_wconf 73' lang='grc' dir='ltr'><strong>γάρ</strong></span> <span class='ocrx_word' id='word_1_48' title='bbox 1205 664 1328 723; x_wconf 84' lang='grc' dir='ltr'><strong><em>κόρος</em></strong></span> <span class='ocrx_word' id='word_1_49' title='bbox 1360 661 1504 722; x_wconf 70' lang='grc' dir='ltr'><strong>ὕβριν,</strong></span> <span class='ocrx_word' id='word_1_50' title='bbox 1538 663 1602 710; x_wconf 67' lang='grc' dir='ltr'><strong>ὅτ’</strong></span> <span class='ocrx_word' id='word_1_51' title='bbox 1634 664 1694 710; x_wconf 75' lang='grc' dir='ltr'><strong>ἂν</strong></span> <span class='ocrx_word' id='word_1_52' title='bbox 1723 663 1860 720; x_wconf 51' lang='lat' dir='ltr'><strong>noluit</strong></span> 
     </span>
     <span class='ocr_line' id='line_1_9' title="bbox 293 731 1859 799; baseline 0.006 -24"><span class='ocrx_word' id='word_1_53' title='bbox 293 731 421 787; x_wconf 80' lang='grc' dir='ltr'><strong><em>ἷίλβος</em></strong></span> <span class='ocrx_word' id='word_1_54' title='bbox 453 738 627 791; x_wconf 76' lang='grc' dir='ltr'><strong>ἕπηται,</strong></span> <span class='ocrx_word' id='word_1_55' title='bbox 663 733 907 794; x_wconf 75' lang='grc' dir='ltr'><strong><em>ἄντικρυςό</em></strong></span> <span class='ocrx_word' id='word_1_56' title='bbox 931 741 1095 788; x_wconf 75' lang='grc' dir='ltr'><strong><em>θέογνις</em></strong></span> <span class='ocrx_word' id='word_1_57' title='bbox 1125 735 1291 793; x_wconf 75' lang='grc' dir='ltr'><strong><em>γράφει·</em></strong></span> <span class='ocrx_word' id='word_1_58' title='bbox 1315 744 1449 781; x_wconf 81' lang='grc' dir='ltr'><strong><em>τίκτει</em></strong></span> <span class='ocrx_word' id='word_1_59' title='bbox 1480 755 1547 782; x_wconf 77' lang='grc' dir='ltr'><strong>τοι</strong></span> <span class='ocrx_word' id='word_1_60' title='bbox 1578 737 1702 796; x_wconf 82' lang='grc' dir='ltr'><strong><em>κόρος</em></strong></span> <span class='ocrx_word' id='word_1_61' title='bbox 1729 735 1859 799; x_wconf 52' lang='lat' dir='ltr'><strong>&amp;stow</strong></span> 
     </span>
     <span class='ocr_line' id='line_1_10' title="bbox 295 803 1860 866; baseline 0.003 -17"><span class='ocrx_word' id='word_1_62' title='bbox 295 803 356 850; x_wconf 76' lang='grc' dir='ltr'><strong>ὅτ’</strong></span> <span class='ocrx_word' id='word_1_63' title='bbox 382 803 440 850; x_wconf 76' lang='grc' dir='ltr'><strong>ἄν</strong></span> <span class='ocrx_word' id='word_1_64' title='bbox 463 808 586 864; x_wconf 73' lang='grc' dir='ltr'><strong><em>κακῷ</em></strong></span> <span class='ocrx_word' id='word_1_65' title='bbox 608 805 736 858; x_wconf 69' lang='grc' dir='ltr'><strong><em>ὄλβος</em></strong></span> <span class='ocrx_word' id='word_1_66' title='bbox 759 810 932 863; x_wconf 80' lang='grc' dir='ltr'><strong><em>ἕπηται.</em></strong></span> <span class='ocrx_word' id='word_1_67' title='bbox 966 806 1081 848; x_wconf 87' lang='lat' dir='ltr'><strong>Cum</strong></span> <span class='ocrx_word' id='word_1_68' title='bbox 1104 806 1159 849; x_wconf 87' lang='lat' dir='ltr'><strong>sit</strong></span> <span class='ocrx_word' id='word_1_69' title='bbox 1181 807 1468 864; x_wconf 86' lang='lat' dir='ltr'><strong>perspicuum</strong></span> <span class='ocrx_word' id='word_1_70' title='bbox 1486 821 1577 850; x_wconf 89' lang='lat' dir='ltr'><strong>non</strong></span> <span class='ocrx_word' id='word_1_71' title='bbox 1589 807 1647 852; x_wconf 85' lang='lat' dir='ltr'><strong>ab</strong></span> <span class='ocrx_word' id='word_1_72' title='bbox 1667 811 1860 866; x_wconf 75' lang='lat' dir='ltr'><strong>utroque</strong></span> 
     </span>
     <span class='ocr_line' id='line_1_11' title="bbox 298 876 1861 937; baseline 0.004 -20"><span class='ocrx_word' id='word_1_73' title='bbox 298 882 429 933; x_wconf 84' lang='lat' dir='ltr'><strong>poeta</strong></span> <span class='ocrx_word' id='word_1_74' title='bbox 461 876 682 919; x_wconf 80' lang='lat' dir='ltr'><strong>distichon</strong></span> <span class='ocrx_word' id='word_1_75' title='bbox 715 877 995 920; x_wconf 89' lang='lat' dir='ltr'><strong>simillimum</strong></span> <span class='ocrx_word' id='word_1_76' title='bbox 1020 879 1268 934; x_wconf 81' lang='lat' dir='ltr'><strong>profectum</strong></span> <span class='ocrx_word' id='word_1_77' title='bbox 1302 892 1410 930; x_wconf 83' lang='lat' dir='ltr'><strong>esse,</strong></span> <span class='ocrx_word' id='word_1_78' title='bbox 1443 878 1638 923; x_wconf 82' lang='lat' dir='ltr'><strong>dubitari</strong></span> <span class='ocrx_word' id='word_1_79' title='bbox 1669 883 1861 937; x_wconf 62' lang='lat' dir='ltr'><strong>poterat„</strong></span> 
     </span>
     <span class='ocr_line' id='line_1_12' title="bbox 296 948 1860 1005; baseline 0.004 -15"><span class='ocrx_word' id='word_1_80' title='bbox 296 953 449 990; x_wconf 80' lang='lat' dir='ltr'><strong>utrum</strong></span> <span class='ocrx_word' id='word_1_81' title='bbox 486 948 638 991; x_wconf 80' lang='lat' dir='ltr'><strong>Soloni</strong></span> <span class='ocrx_word' id='word_1_82' title='bbox 675 963 734 991; x_wconf 89' lang='lat' dir='ltr'><strong>an</strong></span> <span class='ocrx_word' id='word_1_83' title='bbox 765 948 1015 1005; x_wconf 88' lang='lat' dir='ltr'><strong>Theognidi</strong></span> <span class='ocrx_word' id='word_1_84' title='bbox 1056 954 1260 992; x_wconf 89' lang='lat' dir='ltr'><strong>nostrum</strong></span> <span class='ocrx_word' id='word_1_85' title='bbox 1305 949 1527 994; x_wconf 80' lang='lat' dir='ltr'><strong>distichon</strong></span> <span class='ocrx_word' id='word_1_86' title='bbox 1566 949 1860 996; x_wconf 78' lang='lat' dir='ltr'><strong>tribuendum</strong></span> 
     </span>
     <span class='ocr_line' id='line_1_13' title="bbox 298 1016 1862 1080; baseline 0.004 -18"><span class='ocrx_word' id='word_1_87' title='bbox 298 1019 366 1071; x_wconf 80' lang='lat' dir='ltr'><strong>sit,</strong></span> <span class='ocrx_word' id='word_1_88' title='bbox 402 1019 511 1062; x_wconf 89' lang='lat' dir='ltr'><strong>dum</strong></span> <span class='ocrx_word' id='word_1_89' title='bbox 533 1019 656 1072; x_wconf 83' lang='lat' dir='ltr'><strong>liber,</strong></span> <span class='ocrx_word' id='word_1_90' title='bbox 681 1020 758 1076; x_wconf 90' lang='lat' dir='ltr'><strong>qui</strong></span> <span class='ocrx_word' id='word_1_91' title='bbox 780 1020 1039 1063; x_wconf 85' lang='lat' dir='ltr'><strong>inscribitur</strong></span> <span class='ocrx_word' id='word_1_92' title='bbox 1053 1016 1300 1080; x_wconf 70' lang='grc' dir='ltr'><strong>Ἀθηναίων</strong></span> <span class='ocrx_word' id='word_1_93' title='bbox 1321 1025 1519 1067; x_wconf 76' lang='grc' dir='ltr'><strong><em>πολιτεία</em></strong></span> <span class='ocrx_word' id='word_1_94' title='bbox 1549 1026 1722 1066; x_wconf 82' lang='lat' dir='ltr'><strong>certum</strong></span> <span class='ocrx_word' id='word_1_95' title='bbox 1741 1022 1862 1068; x_wconf 53' lang='lat' dir='ltr'><strong>toa&amp;</strong></span> 
     </span>
     <span class='ocr_line' id='line_1_14' title="bbox 299 1091 1865 1152; baseline 0.004 -19"><span class='ocrx_word' id='word_1_96' title='bbox 299 1091 504 1133; x_wconf 87' lang='lat' dir='ltr'><strong>monium</strong></span> <span class='ocrx_word' id='word_1_97' title='bbox 548 1091 678 1134; x_wconf 87' lang='lat' dir='ltr'><strong>nobis</strong></span> <span class='ocrx_word' id='word_1_98' title='bbox 720 1091 927 1148; x_wconf 89' lang='lat' dir='ltr'><strong>praebuit</strong></span> <span class='ocrx_word' id='word_1_99' title='bbox 958 1092 1132 1135; x_wconf 86' lang='lat' dir='ltr'><strong>Solonis</strong></span> <span class='ocrx_word' id='word_1_100' title='bbox 1176 1107 1271 1136; x_wconf 85' lang='lat' dir='ltr'><strong>esse</strong></span> <span class='ocrx_word' id='word_1_101' title='bbox 1316 1093 1398 1137; x_wconf 84' lang='lat' dir='ltr'><strong>hos</strong></span> <span class='ocrx_word' id='word_1_102' title='bbox 1441 1108 1610 1147; x_wconf 81' lang='lat' dir='ltr'><strong>versus,</strong></span> <span class='ocrx_word' id='word_1_103' title='bbox 1655 1107 1771 1152; x_wconf 78' lang='lat' dir='ltr'><strong>quos</strong></span> <span class='ocrx_word' id='word_1_104' title='bbox 1809 1093 1865 1140; x_wconf 81' lang='lat' dir='ltr'><strong>in=</strong></span> 
     </span>
     <span class='ocr_line' id='line_1_15' title="bbox 296 1163 1862 1222; baseline 0.004 -17"><span class='ocrx_word' id='word_1_105' title='bbox 296 1163 440 1219; x_wconf 82' lang='lat' dir='ltr'><strong>capite</strong></span> <span class='ocrx_word' id='word_1_106' title='bbox 475 1164 527 1205; x_wconf 81' lang='lat'><strong>12</strong></span> <span class='ocrx_word' id='word_1_107' title='bbox 560 1163 586 1205; x_wconf 95' lang='lat' dir='ltr'><strong>l.</strong></span> <span class='ocrx_word' id='word_1_108' title='bbox 623 1178 656 1206; x_wconf 91' lang='lat' dir='ltr'><strong>c.</strong></span> <span class='ocrx_word' id='word_1_109' title='bbox 693 1163 953 1207; x_wconf 87' lang='lat' dir='ltr'><strong>coniunctos</strong></span> <span class='ocrx_word' id='word_1_110' title='bbox 996 1178 1100 1207; x_wconf 91' lang='lat' dir='ltr'><strong>cum</strong></span> <span class='ocrx_word' id='word_1_111' title='bbox 1140 1165 1223 1221; x_wconf 80' lang='lat' dir='ltr'><strong>frg.</strong></span> <span class='ocrx_word' id='word_1_112' title='bbox 1257 1166 1284 1208; x_wconf 87' lang='lat'>6</span> <span class='ocrx_word' id='word_1_113' title='bbox 1314 1165 1492 1222; x_wconf 85' lang='lat' dir='ltr'>(Bergk)</span> <span class='ocrx_word' id='word_1_114' title='bbox 1523 1165 1725 1222; x_wconf 80' lang='lat' dir='ltr'><strong>legimus.</strong></span> <span class='ocrx_word' id='word_1_115' title='bbox 1789 1164 1862 1213; x_wconf 79' lang='lat' dir='ltr'><strong>Ex</strong></span> 
     </span>
     <span class='ocr_line' id='line_1_16' title="bbox 299 1234 1861 1293; baseline 0.003 -17"><span class='ocrx_word' id='word_1_116' title='bbox 299 1235 465 1277; x_wconf 82' lang='lat' dir='ltr'><strong>maiore</strong></span> <span class='ocrx_word' id='word_1_117' title='bbox 484 1235 624 1290; x_wconf 85' lang='lat' dir='ltr'><strong>elegia</strong></span> <span class='ocrx_word' id='word_1_118' title='bbox 641 1234 828 1287; x_wconf 85' lang='lat' dir='ltr'><strong>Solonis,</strong></span> <span class='ocrx_word' id='word_1_119' title='bbox 849 1250 964 1292; x_wconf 84' lang='lat' dir='ltr'><strong>quae</strong></span> <span class='ocrx_word' id='word_1_120' title='bbox 986 1235 1161 1292; x_wconf 88' lang='lat' dir='ltr'><strong>integra</strong></span> <span class='ocrx_word' id='word_1_121' title='bbox 1181 1235 1304 1293; x_wconf 88' lang='lat' dir='ltr'><strong>apud</strong></span> <span class='ocrx_word' id='word_1_122' title='bbox 1325 1236 1567 1280; x_wconf 84' lang='lat' dir='ltr'><strong>Stobaeum</strong></span> <span class='ocrx_word' id='word_1_123' title='bbox 1587 1237 1682 1281; x_wconf 89' lang='lat' dir='ltr'><strong>flor.</strong></span> <span class='ocrx_word' id='word_1_124' title='bbox 1705 1235 1787 1290; x_wconf 79' lang='lat' dir='ltr'><strong>IX,</strong></span> <span class='ocrx_word' id='word_1_125' title='bbox 1800 1236 1861 1281; x_wconf 79' lang='lat'><strong>25</strong></span> 
     </span>
     <span class='ocr_line' id='line_1_17' title="bbox 299 1306 1867 1368; baseline 0.003 -19"><span class='ocrx_word' id='word_1_126' title='bbox 299 1311 432 1358; x_wconf 85' lang='lat' dir='ltr'><strong>extat,</strong></span> <span class='ocrx_word' id='word_1_127' title='bbox 457 1306 625 1363; x_wconf 86' lang='lat' dir='ltr'><strong>sumpti</strong></span> <span class='ocrx_word' id='word_1_128' title='bbox 647 1311 753 1349; x_wconf 89' lang='lat' dir='ltr'><strong>sunt</strong></span> <span class='ocrx_word' id='word_1_129' title='bbox 769 1322 810 1350; x_wconf 91' lang='lat' dir='ltr'><strong>v.</strong></span> <span class='ocrx_word' id='word_1_130' title='bbox 831 1307 1038 1350; x_wconf 81' lang='lat'><strong>227--32</strong></span> <span class='ocrx_word' id='word_1_131' title='bbox 1071 1307 1206 1360; x_wconf 90' lang='lat' dir='ltr'><strong>(idem</strong></span> <span class='ocrx_word' id='word_1_132' title='bbox 1237 1322 1289 1351; x_wconf 88' lang='lat' dir='ltr'><strong>ac</strong></span> <span class='ocrx_word' id='word_1_133' title='bbox 1310 1322 1465 1352; x_wconf 86' lang='lat' dir='ltr'><strong>versus</strong></span> <span class='ocrx_word' id='word_1_134' title='bbox 1488 1309 1662 1353; x_wconf 85' lang='lat'><strong>71-76</strong></span> <span class='ocrx_word' id='word_1_135' title='bbox 1682 1309 1766 1366; x_wconf 71' lang='lat' dir='ltr'><strong>fig.</strong></span> <span class='ocrx_word' id='word_1_136' title='bbox 1791 1306 1867 1368; x_wconf 81' lang='lat'><strong>13)</strong></span> 
     </span>
     <span class='ocr_line' id='line_1_18' title="bbox 298 1378 1858 1438; baseline 0.003 -17"><span class='ocrx_word' id='word_1_137' title='bbox 298 1383 341 1421; x_wconf 88' lang='lat' dir='ltr'><strong>et</strong></span> <span class='ocrx_word' id='word_1_138' title='bbox 372 1393 527 1422; x_wconf 85' lang='lat' dir='ltr'><strong>versus</strong></span> <span class='ocrx_word' id='word_1_139' title='bbox 559 1379 766 1422; x_wconf 81' lang='lat'>585—90</span> <span class='ocrx_word' id='word_1_140' title='bbox 797 1378 934 1431; x_wconf 85' lang='lat' dir='ltr'><strong>(idem</strong></span> <span class='ocrx_word' id='word_1_141' title='bbox 978 1393 1029 1422; x_wconf 87' lang='lat' dir='ltr'><strong>ac</strong></span> <span class='ocrx_word' id='word_1_142' title='bbox 1061 1394 1100 1423; x_wconf 87' lang='lat' dir='ltr'><strong>v.</strong></span> <span class='ocrx_word' id='word_1_143' title='bbox 1136 1380 1312 1423; x_wconf 81' lang='lat'>65—70</span> <span class='ocrx_word' id='word_1_144' title='bbox 1343 1379 1541 1423; x_wconf 85' lang='lat' dir='ltr'><strong>eiusdem</strong></span> <span class='ocrx_word' id='word_1_145' title='bbox 1586 1379 1858 1438; x_wconf 67' lang='lat' dir='ltr'><strong>fragmenti).</strong></span> 
     </span>
     <span class='ocr_line' id='line_1_19' title="bbox 298 1450 1862 1508; baseline 0.003 -16"><span class='ocrx_word' id='word_1_146' title='bbox 298 1452 447 1501; x_wconf 74' lang='lat' dir='ltr'><strong>Quam</strong></span> <span class='ocrx_word' id='word_1_147' title='bbox 469 1450 658 1506; x_wconf 87' lang='lat' dir='ltr'><strong>elegiam</strong></span> <span class='ocrx_word' id='word_1_148' title='bbox 682 1464 836 1493; x_wconf 85' lang='lat' dir='ltr'><strong>revera</strong></span> <span class='ocrx_word' id='word_1_149' title='bbox 857 1451 1069 1507; x_wconf 86' lang='lat' dir='ltr'><strong>scriptam</strong></span> <span class='ocrx_word' id='word_1_150' title='bbox 1092 1465 1186 1494; x_wconf 86' lang='lat' dir='ltr'><strong>esse</strong></span> <span class='ocrx_word' id='word_1_151' title='bbox 1210 1465 1237 1495; x_wconf 83' lang='lat' dir='ltr'><strong>a</strong></span> <span class='ocrx_word' id='word_1_152' title='bbox 1259 1451 1419 1495; x_wconf 87' lang='lat' dir='ltr'><strong>Solone</strong></span> <span class='ocrx_word' id='word_1_153' title='bbox 1443 1451 1568 1495; x_wconf 86' lang='lat' dir='ltr'><strong>testis</strong></span> <span class='ocrx_word' id='word_1_154' title='bbox 1597 1455 1665 1495; x_wconf 86' lang='lat' dir='ltr'><strong>est</strong></span> <span class='ocrx_word' id='word_1_155' title='bbox 1683 1455 1862 1508; x_wconf 71' lang='lat' dir='ltr'><strong>praetor</strong></span> 
     </span>
     <span class='ocr_line' id='line_1_20' title="bbox 301 1521 1863 1585; baseline 0.003 -21"><span class='ocrx_word' id='word_1_156' title='bbox 301 1521 542 1565; x_wconf 82' lang='lat' dir='ltr'><strong>Stobaeum</strong></span> <span class='ocrx_word' id='word_1_157' title='bbox 561 1521 593 1578; x_wconf 81' lang='grc'><strong>2)</strong></span> <span class='ocrx_word' id='word_1_158' title='bbox 625 1521 896 1574; x_wconf 83' lang='lat' dir='ltr'><strong>Aristoteles,</strong></span> <span class='ocrx_word' id='word_1_159' title='bbox 930 1522 1051 1579; x_wconf 88' lang='lat' dir='ltr'><strong>apud</strong></span> <span class='ocrx_word' id='word_1_160' title='bbox 1083 1537 1218 1579; x_wconf 87' lang='lat' dir='ltr'><strong>quem</strong></span> <span class='ocrx_word' id='word_1_161' title='bbox 1250 1523 1412 1580; x_wconf 86' lang='lat' dir='ltr'><strong>legitur</strong></span> <span class='ocrx_word' id='word_1_162' title='bbox 1441 1523 1532 1566; x_wconf 93' lang='lat' dir='ltr'><strong>Pol.</strong></span> <span class='ocrx_word' id='word_1_163' title='bbox 1558 1523 1682 1576; x_wconf 86' lang='lat' dir='ltr'><strong>I,3‚9</strong></span> <span class='ocrx_word' id='word_1_164' title='bbox 1713 1522 1863 1585; x_wconf 73' lang='grc' dir='ltr'><strong><em>οἵσπερ</em></strong></span> 
     </span>
     <span class='ocr_line' id='line_1_21' title="bbox 296 1591 1862 1654; baseline 0.002 -16"><span class='ocrx_word' id='word_1_165' title='bbox 296 1596 445 1639; x_wconf 79' lang='grc' dir='ltr'><strong><em>Σόλων</em></strong></span> <span class='ocrx_word' id='word_1_166' title='bbox 495 1602 598 1652; x_wconf 78' lang='grc' dir='ltr'><em>φησὶ</em></span> <span class='ocrx_word' id='word_1_167' title='bbox 630 1595 815 1651; x_wconf 85' lang='grc' dir='ltr'><strong><em>ποιήσας</em></strong></span> <span class='ocrx_word' id='word_1_168' title='bbox 848 1597 1036 1640; x_wconf 81' lang='grc' dir='ltr'><strong><em>πλουτου</em></strong></span> <span class='ocrx_word' id='word_1_169' title='bbox 1077 1591 1249 1641; x_wconf 78' lang='grc' dir='ltr'><strong><em>δὀὗδὲν</em></strong></span> <span class='ocrx_word' id='word_1_170' title='bbox 1290 1603 1426 1654; x_wconf 74' lang='grc' dir='ltr'><strong><em>τέρμα</em></strong></span> <span class='ocrx_word' id='word_1_171' title='bbox 1460 1609 1496 1639; x_wconf 83' lang='grc' dir='ltr'><strong>θ.</strong></span> <span class='ocrx_word' id='word_1_172' title='bbox 1530 1610 1572 1652; x_wconf 92' lang='lat' dir='ltr'><strong>q.</strong></span> <span class='ocrx_word' id='word_1_173' title='bbox 1606 1609 1656 1648; x_wconf 79' lang='grc'><strong>3.,</strong></span> <span class='ocrx_word' id='word_1_174' title='bbox 1687 1600 1732 1640; x_wconf 82' lang='lat' dir='ltr'><strong>et</strong></span> <span class='ocrx_word' id='word_1_175' title='bbox 1761 1595 1862 1641; x_wconf 82' lang='lat' dir='ltr'><strong>Plu·</strong></span> 
     </span>
     <span class='ocr_line' id='line_1_22' title="bbox 300 1663 1864 1728; baseline 0.006 -20"><span class='ocrx_word' id='word_1_176' title='bbox 300 1666 493 1718; x_wconf 81' lang='lat' dir='ltr'><strong>tarchus,</strong></span> <span class='ocrx_word' id='word_1_177' title='bbox 535 1666 615 1722; x_wconf 89' lang='lat' dir='ltr'><strong>qui</strong></span> <span class='ocrx_word' id='word_1_178' title='bbox 652 1665 787 1709; x_wconf 91' lang='lat' dir='ltr'><strong>habet</strong></span> <span class='ocrx_word' id='word_1_179' title='bbox 817 1666 872 1709; x_wconf 89' lang='lat' dir='ltr'><strong>de</strong></span> <span class='ocrx_word' id='word_1_180' title='bbox 909 1681 1008 1723; x_wconf 91' lang='lat' dir='ltr'><strong>cup.</strong></span> <span class='ocrx_word' id='word_1_181' title='bbox 1044 1666 1168 1710; x_wconf 85' lang='lat' dir='ltr'><strong>divit.</strong></span> <span class='ocrx_word' id='word_1_182' title='bbox 1211 1668 1264 1710; x_wconf 89' lang='lat'><strong>4:</strong></span> <span class='ocrx_word' id='word_1_183' title='bbox 1305 1666 1418 1712; x_wconf 68' lang='grc' dir='ltr'><strong>ὅθεν</strong></span> <span class='ocrx_word' id='word_1_184' title='bbox 1449 1663 1501 1714; x_wconf 76' lang='grc' dir='ltr'><strong>εὖ</strong></span> <span class='ocrx_word' id='word_1_185' title='bbox 1540 1668 1650 1728; x_wconf 74' lang='grc' dir='ltr'><strong><em>πρὸς</em></strong></span> <span class='ocrx_word' id='word_1_186' title='bbox 1689 1668 1864 1723; x_wconf 62' lang='grc' dir='ltr'><strong>τούτους</strong></span> 
     </span>
     <span class='ocr_line' id='line_1_23' title="bbox 299 1737 1862 1800; baseline 0.002 -18"><span class='ocrx_word' id='word_1_187' title='bbox 299 1741 497 1782; x_wconf 76' lang='grc' dir='ltr'><strong><em>λέλεκται</em></strong></span> <span class='ocrx_word' id='word_1_188' title='bbox 534 1737 628 1782; x_wconf 65' lang='grc' dir='ltr'><strong>ὑπὸ</strong></span> <span class='ocrx_word' id='word_1_189' title='bbox 682 1744 761 1784; x_wconf 83' lang='grc' dir='ltr'><strong>τοῦ</strong></span> <span class='ocrx_word' id='word_1_190' title='bbox 816 1739 1026 1791; x_wconf 80' lang='grc' dir='ltr'><strong><em>Σόλωνος·</em></strong></span> <span class='ocrx_word' id='word_1_191' title='bbox 1068 1740 1261 1784; x_wconf 82' lang='grc' dir='ltr'><strong><em>πλούτου</em></strong></span> <span class='ocrx_word' id='word_1_192' title='bbox 1307 1739 1479 1786; x_wconf 75' lang='grc' dir='ltr'><strong><em>ὁόὕὸὲν</em></strong></span> <span class='ocrx_word' id='word_1_193' title='bbox 1509 1747 1648 1800; x_wconf 77' lang='grc' dir='ltr'><strong><em>τέρμα</em></strong></span> <span class='ocrx_word' id='word_1_194' title='bbox 1680 1753 1718 1785; x_wconf 84' lang='grc' dir='ltr'><strong>θ.</strong></span> <span class='ocrx_word' id='word_1_195' title='bbox 1750 1754 1792 1798; x_wconf 88' lang='lat' dir='ltr'><strong>q.</strong></span> <span class='ocrx_word' id='word_1_196' title='bbox 1816 1753 1862 1785; x_wconf 16' lang='lat' dir='ltr'><strong>ru.</strong></span> 
     </span>
     <span class='ocr_line' id='line_1_24' title="bbox 303 1809 1882 1870; baseline 0.002 -18"><span class='ocrx_word' id='word_1_197' title='bbox 303 1810 471 1853; x_wconf 77' lang='lat' dir='ltr'><strong>Versus</strong></span> <span class='ocrx_word' id='word_1_198' title='bbox 493 1810 698 1853; x_wconf 78' lang='lat'>315—18</span> <span class='ocrx_word' id='word_1_199' title='bbox 722 1809 895 1853; x_wconf 84' lang='lat' dir='ltr'><strong>Solonis</strong></span> <span class='ocrx_word' id='word_1_200' title='bbox 918 1824 1012 1853; x_wconf 84' lang='lat' dir='ltr'><strong>esse</strong></span> <span class='ocrx_word' id='word_1_201' title='bbox 1034 1810 1350 1868; x_wconf 87' lang='lat' dir='ltr'><strong>comprobatur</strong></span> <span class='ocrx_word' id='word_1_202' title='bbox 1366 1811 1461 1854; x_wconf 93' lang='lat' dir='ltr'><strong>loco</strong></span> <span class='ocrx_word' id='word_1_203' title='bbox 1477 1811 1719 1865; x_wconf 83' lang='lat' dir='ltr'><strong>Plutarchi,</strong></span> <span class='ocrx_word' id='word_1_204' title='bbox 1739 1810 1882 1870; x_wconf 20' lang='lat' dir='ltr'><strong>apud*</strong></span> 
     </span>
     <span class='ocr_line' id='line_1_25' title="bbox 306 1880 1863 1950; baseline 0.004 -26"><span class='ocrx_word' id='word_1_205' title='bbox 306 1897 440 1938; x_wconf 79' lang='lat' dir='ltr'><strong>quenl</strong></span> <span class='ocrx_word' id='word_1_206' title='bbox 474 1882 550 1925; x_wconf 89' lang='lat' dir='ltr'><strong>vit.</strong></span> <span class='ocrx_word' id='word_1_207' title='bbox 585 1881 672 1924; x_wconf 88' lang='lat' dir='ltr'><strong>Sol.</strong></span> <span class='ocrx_word' id='word_1_208' title='bbox 706 1895 800 1938; x_wconf 87' lang='lat' dir='ltr'><strong>cap.</strong></span> <span class='ocrx_word' id='word_1_209' title='bbox 836 1882 862 1924; x_wconf 88' lang='lat'><strong>3</strong></span> <span class='ocrx_word' id='word_1_210' title='bbox 895 1882 1080 1939; x_wconf 73' lang='lat' dir='ltr'><strong>legiturz</strong></span> <span class='ocrx_word' id='word_1_211' title='bbox 1114 1880 1182 1927; x_wconf 77' lang='grc' dir='ltr'><strong>ἷίτι</strong></span> <span class='ocrx_word' id='word_1_212' title='bbox 1215 1884 1252 1927; x_wconf 77' lang='grc' dir='ltr'><strong>δ’</strong></span> <span class='ocrx_word' id='word_1_213' title='bbox 1285 1882 1424 1929; x_wconf 75' lang='grc' dir='ltr'><strong><em>αὑτὸν</em></strong></span> <span class='ocrx_word' id='word_1_214' title='bbox 1454 1889 1503 1929; x_wconf 79' lang='grc' dir='ltr'><strong>ὲν</strong></span> <span class='ocrx_word' id='word_1_215' title='bbox 1533 1887 1586 1950; x_wconf 77' lang='grc' dir='ltr'><strong>τῇ</strong></span> <span class='ocrx_word' id='word_1_216' title='bbox 1615 1889 1704 1930; x_wconf 76' lang='grc' dir='ltr'><strong>τῶν</strong></span> <span class='ocrx_word' id='word_1_217' title='bbox 1733 1881 1863 1944; x_wconf 54' lang='lat' dir='ltr'><strong>nerf-</strong></span> 
     </span>
     <span class='ocr_line' id='line_1_26' title="bbox 305 1953 1898 2020; baseline 0.003 -22"><span class='ocrx_word' id='word_1_218' title='bbox 305 1973 391 1998; x_wconf 79' lang='grc' dir='ltr'><strong>των</strong></span> <span class='ocrx_word' id='word_1_219' title='bbox 423 1955 566 2013; x_wconf 77' lang='grc' dir='ltr'><strong><em>μερίδι</em></strong></span> <span class='ocrx_word' id='word_1_220' title='bbox 596 1956 765 2011; x_wconf 80' lang='grc' dir='ltr'><strong><em>μᾶλλον</em></strong></span> <span class='ocrx_word' id='word_1_221' title='bbox 786 1953 815 2012; x_wconf 70' lang='grc' dir='ltr'><em>ἢ</em></span> <span class='ocrx_word' id='word_1_222' title='bbox 846 1959 900 2020; x_wconf 78' lang='grc' dir='ltr'><strong>τῇ</strong></span> <span class='ocrx_word' id='word_1_223' title='bbox 929 1959 1018 2000; x_wconf 74' lang='grc' dir='ltr'><strong>ταῖν</strong></span> <span class='ocrx_word' id='word_1_224' title='bbox 1050 1956 1266 2000; x_wconf 80' lang='grc' dir='ltr'><strong><em>πλουσίων</em></strong></span> <span class='ocrx_word' id='word_1_225' title='bbox 1298 1956 1466 2007; x_wconf 67' lang='grc' dir='ltr'><strong>ἔταττε,</strong></span> <span class='ocrx_word' id='word_1_226' title='bbox 1499 1956 1636 2015; x_wconf 73' lang='grc' dir='ltr'><strong><em>δῆλόν</em></strong></span> <span class='ocrx_word' id='word_1_227' title='bbox 1664 1956 1784 2002; x_wconf 73' lang='grc' dir='ltr'><strong><em>ἐστιν</em></strong></span> <span class='ocrx_word' id='word_1_228' title='bbox 1812 1955 1863 2006; x_wconf 64' lang='grc' dir='ltr'><strong>ἐκ</strong></span> <span class='ocrx_word' id='word_1_229' title='bbox 1895 1978 1898 1979; x_wconf 61' lang='grc'>’</span> 
     </span>
     <span class='ocr_line' id='line_1_27' title="bbox 305 2025 1863 2086; baseline 0.001 -16"><span class='ocrx_word' id='word_1_230' title='bbox 305 2027 480 2071; x_wconf 85' lang='grc' dir='ltr'><strong><em>τούτων·</em></strong></span> <span class='ocrx_word' id='word_1_231' title='bbox 525 2028 684 2069; x_wconf 79' lang='grc' dir='ltr'><strong><em>Πολλοὶ</em></strong></span> <span class='ocrx_word' id='word_1_232' title='bbox 721 2027 804 2086; x_wconf 73' lang='grc' dir='ltr'><strong>γάρ</strong></span> <span class='ocrx_word' id='word_1_233' title='bbox 838 2041 873 2077; x_wconf 93' lang='grc'><strong>0,</strong></span> <span class='ocrx_word' id='word_1_234' title='bbox 907 2041 949 2083; x_wconf 90' lang='lat' dir='ltr'><strong>q.</strong></span> <span class='ocrx_word' id='word_1_235' title='bbox 984 2041 1016 2069; x_wconf 90' lang='grc'><strong>0.</strong></span> <span class='ocrx_word' id='word_1_236' title='bbox 1080 2026 1149 2068; x_wconf 86' lang='lat' dir='ltr'><strong>Ex</strong></span> <span class='ocrx_word' id='word_1_237' title='bbox 1189 2026 1389 2069; x_wconf 86' lang='lat' dir='ltr'><strong>eiusdem</strong></span> <span class='ocrx_word' id='word_1_238' title='bbox 1427 2025 1528 2069; x_wconf 91' lang='lat' dir='ltr'><strong>libri</strong></span> <span class='ocrx_word' id='word_1_239' title='bbox 1569 2041 1666 2084; x_wconf 83' lang='lat' dir='ltr'><strong>cap.</strong></span> <span class='ocrx_word' id='word_1_240' title='bbox 1700 2027 1742 2080; x_wconf 78' lang='lat'><strong>2,</strong></span> <span class='ocrx_word' id='word_1_241' title='bbox 1782 2025 1863 2084; x_wconf 84' lang='lat' dir='ltr'><strong>ubi</strong></span> 
     </span>
     <span class='ocr_line' id='line_1_28' title="bbox 302 2096 1864 2157; baseline 0.004 -19"><span class='ocrx_word' id='word_1_242' title='bbox 302 2098 486 2153; x_wconf 85' lang='lat' dir='ltr'><strong>legitur:</strong></span> <span class='ocrx_word' id='word_1_243' title='bbox 528 2098 724 2142; x_wconf 85' lang='grc' dir='ltr'><strong><em>Πλούτον</em></strong></span> <span class='ocrx_word' id='word_1_244' title='bbox 764 2099 801 2142; x_wconf 79' lang='grc' dir='ltr'><strong>δ’</strong></span> <span class='ocrx_word' id='word_1_245' title='bbox 836 2097 913 2143; x_wconf 74' lang='grc' dir='ltr'><strong>οὐκ</strong></span> <span class='ocrx_word' id='word_1_246' title='bbox 951 2099 1224 2156; x_wconf 59' lang='grc' dir='ltr'><strong>ἕθαύμαζιν,</strong></span> <span class='ocrx_word' id='word_1_247' title='bbox 1269 2099 1383 2143; x_wconf 68' lang='grc' dir='ltr'><strong><em>ἄλλά</em></strong></span> <span class='ocrx_word' id='word_1_248' title='bbox 1430 2107 1503 2144; x_wconf 79' lang='grc' dir='ltr'><strong>καὶ</strong></span> <span class='ocrx_word' id='word_1_249' title='bbox 1533 2106 1661 2156; x_wconf 80' lang='grc' dir='ltr'><strong><em>φησὶν</em></strong></span> <span class='ocrx_word' id='word_1_250' title='bbox 1705 2096 1864 2157; x_wconf 66' lang='grc' dir='ltr'><strong><em>ὅμοίως</em></strong></span> 
     </span>
     <span class='ocr_line' id='line_1_29' title="bbox 303 2164 1865 2234; baseline 0 -20"><span class='ocrx_word' id='word_1_251' title='bbox 303 2172 520 2220; x_wconf 79' lang='grc' dir='ltr'><strong><em>πλουτεῖν,</em></strong></span> <span class='ocrx_word' id='word_1_252' title='bbox 554 2164 637 2229; x_wconf 67' lang='grc' dir='ltr'><strong>(ᾖτε</strong></span> <span class='ocrx_word' id='word_1_253' title='bbox 669 2170 804 2222; x_wconf 72' lang='grc' dir='ltr'><strong><em>πολῦς</em></strong></span> <span class='ocrx_word' id='word_1_254' title='bbox 836 2184 871 2212; x_wconf 82' lang='lat' dir='ltr'><strong>e.</strong></span> <span class='ocrx_word' id='word_1_255' title='bbox 896 2184 937 2226; x_wconf 93' lang='lat' dir='ltr'><strong>q.</strong></span> <span class='ocrx_word' id='word_1_256' title='bbox 962 2185 994 2212; x_wconf 83' lang='lat' dir='ltr'><strong>S.</strong></span> <span class='ocrx_word' id='word_1_257' title='bbox 1019 2184 1162 2226; x_wconf 85' lang='lat' dir='ltr'><strong>usque</strong></span> <span class='ocrx_word' id='word_1_258' title='bbox 1183 2169 1240 2212; x_wconf 86' lang='lat' dir='ltr'><strong>ad</strong></span> <span class='ocrx_word' id='word_1_259' title='bbox 1263 2171 1467 2230; x_wconf 71' lang='grc' dir='ltr'><strong>ἁρμόδια,</strong></span> <span class='ocrx_word' id='word_1_260' title='bbox 1489 2170 1698 2227; x_wconf 84' lang='lat' dir='ltr'><strong>cognosci</strong></span> <span class='ocrx_word' id='word_1_261' title='bbox 1717 2173 1865 2234; x_wconf 59' lang='lat' dir='ltr'><strong>postest¹</strong></span> 
     </span>
     <span class='ocr_line' id='line_1_30' title="bbox 304 2235 1898 2294; baseline 0.001 -9"><span class='ocrx_word' id='word_1_262' title='bbox 304 2256 459 2285; x_wconf 85' lang='lat' dir='ltr'><strong>versus</strong></span> <span class='ocrx_word' id='word_1_263' title='bbox 499 2242 701 2284; x_wconf 80' lang='lat'>719—28</span> <span class='ocrx_word' id='word_1_264' title='bbox 743 2241 918 2284; x_wconf 84' lang='lat' dir='ltr'><strong>Solonis</strong></span> <span class='ocrx_word' id='word_1_265' title='bbox 965 2256 1073 2294; x_wconf 83' lang='lat' dir='ltr'><strong>esse,</strong></span> <span class='ocrx_word' id='word_1_266' title='bbox 1109 2256 1216 2284; x_wconf 88' lang='lat' dir='ltr'><strong>nam</strong></span> <span class='ocrx_word' id='word_1_267' title='bbox 1247 2257 1288 2286; x_wconf 92' lang='lat' dir='ltr'><strong>v.</strong></span> <span class='ocrx_word' id='word_1_268' title='bbox 1324 2242 1526 2285; x_wconf 80' lang='lat'>725—28</span> <span class='ocrx_word' id='word_1_269' title='bbox 1558 2256 1662 2286; x_wconf 90' lang='lat' dir='ltr'><strong>cum</strong></span> <span class='ocrx_word' id='word_1_270' title='bbox 1693 2235 1863 2287; x_wconf 64' lang='grc'>0111000-</span> <span class='ocrx_word' id='word_1_271' title='bbox 1895 2260 1898 2277; x_wconf 73' lang='lat'><em>³</em></span> 
     </span>
     <span class='ocr_line' id='line_1_31' title="bbox 306 2312 1898 2372; baseline -0.001 -17"><span class='ocrx_word' id='word_1_272' title='bbox 306 2312 514 2355; x_wconf 84' lang='lat' dir='ltr'><strong>dentibus</strong></span> <span class='ocrx_word' id='word_1_273' title='bbox 546 2317 638 2355; x_wconf 89' lang='lat' dir='ltr'><strong>tam</strong></span> <span class='ocrx_word' id='word_1_274' title='bbox 672 2317 764 2356; x_wconf 87' lang='lat' dir='ltr'><strong>arte</strong></span> <span class='ocrx_word' id='word_1_275' title='bbox 797 2313 1047 2366; x_wconf 83' lang='lat' dir='ltr'><strong>cohaerent,</strong></span> <span class='ocrx_word' id='word_1_276' title='bbox 1080 2317 1130 2356; x_wconf 90' lang='lat' dir='ltr'><strong>ut</strong></span> <span class='ocrx_word' id='word_1_277' title='bbox 1160 2313 1217 2356; x_wconf 86' lang='lat' dir='ltr'><strong>ab</strong></span> <span class='ocrx_word' id='word_1_278' title='bbox 1254 2314 1308 2356; x_wconf 86' lang='lat' dir='ltr'><strong>iis</strong></span> <span class='ocrx_word' id='word_1_279' title='bbox 1341 2313 1515 2370; x_wconf 87' lang='lat' dir='ltr'><strong>seiungi</strong></span> <span class='ocrx_word' id='word_1_280' title='bbox 1546 2327 1639 2357; x_wconf 88' lang='lat' dir='ltr'><strong>non</strong></span> <span class='ocrx_word' id='word_1_281' title='bbox 1669 2313 1860 2372; x_wconf 77' lang='lat' dir='ltr'><strong>possint.</strong></span> <span class='ocrx_word' id='word_1_282' title='bbox 1896 2352 1898 2354; x_wconf 82' lang='grc'>.</span> 
     </span>
    </p>
   </div>
   <div class='ocr_carea' id='block_1_3' title="bbox 306 2396 1898 2598">
    <p class='ocr_par' dir='ltr' id='par_1_4' title="bbox 306 2396 1898 2598">
     <span class='ocr_line' id='line_1_32' title="bbox 447 2396 1898 2456; baseline 0.001 -17"><span class='ocrx_word' id='word_1_283' title='bbox 447 2397 516 2439; x_wconf 86' lang='lat' dir='ltr'><strong>Ex</strong></span> <span class='ocrx_word' id='word_1_284' title='bbox 548 2396 750 2440; x_wconf 86' lang='lat' dir='ltr'><strong>versibus</strong></span> <span class='ocrx_word' id='word_1_285' title='bbox 785 2397 868 2440; x_wconf 86' lang='lat'><strong>793</strong></span> <span class='ocrx_word' id='word_1_286' title='bbox 884 2398 987 2441; x_wconf 85' lang='lat'><strong>—96</strong></span> <span class='ocrx_word' id='word_1_287' title='bbox 1010 2397 1229 2455; x_wconf 86' lang='lat' dir='ltr'><strong>posterius</strong></span> <span class='ocrx_word' id='word_1_288' title='bbox 1261 2397 1480 2440; x_wconf 84' lang='lat' dir='ltr'><strong>distichon</strong></span> <span class='ocrx_word' id='word_1_289' title='bbox 1513 2397 1561 2440; x_wconf 92' lang='lat' dir='ltr'><strong>in</strong></span> <span class='ocrx_word' id='word_1_290' title='bbox 1591 2396 1864 2456; x_wconf 70' lang='lat' dir='ltr'><strong>Anthologia</strong></span> <span class='ocrx_word' id='word_1_291' title='bbox 1895 2450 1898 2455; x_wconf 28' lang='grc' dir='ltr'>ι</span> 
     </span>
     <span class='ocr_line' id='line_1_33' title="bbox 306 2468 1898 2538; baseline 0.002 -28"><span class='ocrx_word' id='word_1_292' title='bbox 306 2468 508 2511; x_wconf 85' lang='lat' dir='ltr'><strong>Palatina</strong></span> <span class='ocrx_word' id='word_1_293' title='bbox 528 2468 608 2520; x_wconf 87' lang='lat' dir='ltr'><strong>IX,</strong></span> <span class='ocrx_word' id='word_1_294' title='bbox 633 2470 690 2511; x_wconf 79' lang='lat'><strong>50</strong></span> <span class='ocrx_word' id='word_1_295' title='bbox 714 2469 968 2511; x_wconf 86' lang='lat' dir='ltr'><strong>Mimnermi</strong></span> <span class='ocrx_word' id='word_1_296' title='bbox 991 2469 1172 2523; x_wconf 86' lang='lat' dir='ltr'><strong>nomine</strong></span> <span class='ocrx_word' id='word_1_297' title='bbox 1194 2468 1407 2512; x_wconf 87' lang='lat' dir='ltr'><strong>traditum</strong></span> <span class='ocrx_word' id='word_1_298' title='bbox 1429 2474 1507 2522; x_wconf 83' lang='lat' dir='ltr'><strong>est,</strong></span> <span class='ocrx_word' id='word_1_299' title='bbox 1541 2483 1632 2526; x_wconf 80' lang='lat' dir='ltr'><strong>qua</strong></span> <span class='ocrx_word' id='word_1_300' title='bbox 1652 2468 1708 2513; x_wconf 86' lang='lat' dir='ltr'><strong>de</strong></span> <span class='ocrx_word' id='word_1_301' title='bbox 1727 2482 1864 2538; x_wconf 62' lang='lat' dir='ltr'><strong>causa</strong></span> <span class='ocrx_word' id='word_1_302' title='bbox 1891 2480 1898 2512; x_wconf 79' lang='lat'><strong>⁴.</strong></span> 
     </span>
     <span class='ocr_line' id='line_1_34' title="bbox 307 2540 1898 2598; baseline 0.002 -16"><span class='ocrx_word' id='word_1_303' title='bbox 307 2541 430 2597; x_wconf 88' lang='lat' dir='ltr'><strong>prius</strong></span> <span class='ocrx_word' id='word_1_304' title='bbox 439 2554 619 2596; x_wconf 89' lang='lat' dir='ltr'><strong>quoque</strong></span> <span class='ocrx_word' id='word_1_305' title='bbox 628 2540 862 2593; x_wconf 82' lang='lat' dir='ltr'><strong>distichon,</strong></span> <span class='ocrx_word' id='word_1_306' title='bbox 873 2541 1103 2598; x_wconf 90' lang='lat' dir='ltr'><strong>quodcum</strong></span> <span class='ocrx_word' id='word_1_307' title='bbox 1119 2545 1332 2598; x_wconf 87' lang='lat' dir='ltr'><strong>sequente</strong></span> <span class='ocrx_word' id='word_1_308' title='bbox 1339 2541 1560 2584; x_wconf 83' lang='lat' dir='ltr'><strong>artissime</strong></span> <span class='ocrx_word' id='word_1_309' title='bbox 1572 2540 1862 2585; x_wconf 75' lang='lat' dir='ltr'><strong>coniunctum</strong></span> <span class='ocrx_word' id='word_1_310' title='bbox 1896 2558 1898 2564; x_wconf 67' lang='lat'><strong><em>¹</em></strong></span> 
     </span>
    </p>
   </div>
   <div class='ocr_carea' id='block_1_4' title="bbox 309 2758 1898 3041">
    <p class='ocr_par' dir='ltr' id='par_1_5' title="bbox 309 2758 1898 3041">
     <span class='ocr_line' id='line_1_35' title="bbox 452 2758 1862 2813; baseline 0 -11"><span class='ocrx_word' id='word_1_311' title='bbox 452 2765 480 2811; x_wconf 84' lang='lat'><strong>¹)</strong></span> <span class='ocrx_word' id='word_1_312' title='bbox 506 2767 629 2813; x_wconf 89' lang='lat' dir='ltr'><strong>Bergk</strong></span> <span class='ocrx_word' id='word_1_313' title='bbox 655 2767 724 2813; x_wconf 79' lang='lat' dir='ltr'><strong>frg.</strong></span> <span class='ocrx_word' id='word_1_314' title='bbox 752 2767 826 2804; x_wconf 88' lang='lat' dir='ltr'><strong>Sol.</strong></span> <span class='ocrx_word' id='word_1_315' title='bbox 852 2770 896 2802; x_wconf 84' lang='lat'><strong>44</strong></span> <span class='ocrx_word' id='word_1_316' title='bbox 935 2767 998 2802; x_wconf 84' lang='lat' dir='ltr'><strong>hos</strong></span> <span class='ocrx_word' id='word_1_317' title='bbox 1039 2777 1162 2803; x_wconf 81' lang='lat' dir='ltr'><strong>versus</strong></span> <span class='ocrx_word' id='word_1_318' title='bbox 1201 2766 1354 2802; x_wconf 76' lang='lat' dir='ltr'><strong>fal-tasse</strong></span> <span class='ocrx_word' id='word_1_319' title='bbox 1380 2765 1501 2802; x_wconf 87' lang='lat' dir='ltr'><strong>Soloni</strong></span> <span class='ocrx_word' id='word_1_320' title='bbox 1539 2765 1748 2803; x_wconf 70' lang='lat' dir='ltr'><strong>tribuendos</strong></span> <span class='ocrx_word' id='word_1_321' title='bbox 1783 2758 1862 2803; x_wconf 56' lang='lat' dir='ltr'><strong>ede</strong></span> 
     </span>
     <span class='ocr_line' id='line_1_36' title="bbox 309 2828 1898 2919; baseline 0 -10"><span class='ocrx_word' id='word_1_322' title='bbox 309 2828 410 2864; x_wconf 54' lang='lat' dir='ltr'><strong>dmm</strong></span> <span class='ocrx_word' id='word_1_323' title='bbox 452 2873 477 2918; x_wconf 78' lang='lat'><strong>²)</strong></span> <span class='ocrx_word' id='word_1_324' title='bbox 502 2874 648 2910; x_wconf 79' lang='lat' dir='ltr'><strong>Stobaei</strong></span> <span class='ocrx_word' id='word_1_325' title='bbox 688 2874 933 2910; x_wconf 83' lang='lat' dir='ltr'><strong>testimonium</strong></span> <span class='ocrx_word' id='word_1_326' title='bbox 971 2885 1041 2910; x_wconf 88' lang='lat' dir='ltr'><strong>nou</strong></span> <span class='ocrx_word' id='word_1_327' title='bbox 1078 2874 1230 2910; x_wconf 84' lang='lat' dir='ltr'><strong>multum</strong></span> <span class='ocrx_word' id='word_1_328' title='bbox 1270 2874 1391 2909; x_wconf 73' lang='lat' dir='ltr'><strong>valere</strong></span> <span class='ocrx_word' id='word_1_329' title='bbox 1415 2884 1459 2909; x_wconf 85' lang='lat' dir='ltr'><strong>ex</strong></span> <span class='ocrx_word' id='word_1_330' title='bbox 1485 2884 1526 2909; x_wconf 89' lang='grc'><strong>00</strong></span> <span class='ocrx_word' id='word_1_331' title='bbox 1565 2858 1740 2919; x_wconf 76' lang='lat' dir='ltr'><strong>sequitur,</strong></span> <span class='ocrx_word' id='word_1_332' title='bbox 1766 2872 1862 2919; x_wconf 76' lang='lat' dir='ltr'><strong>qnod</strong></span> <span class='ocrx_word' id='word_1_333' title='bbox 1894 2856 1898 2873; x_wconf 64' lang='lat'><strong><em>⁴</em></strong></span> 
     </span>
     <span class='ocr_line' id='line_1_37' title="bbox 310 2932 1898 2984; baseline -0.001 -12"><span class='ocrx_word' id='word_1_334' title='bbox 310 2947 343 2972; x_wconf 91' lang='lat' dir='ltr'><strong>v.</strong></span> <span class='ocrx_word' id='word_1_335' title='bbox 371 2938 438 2970; x_wconf 78' lang='lat'><strong>585</strong></span> <span class='ocrx_word' id='word_1_336' title='bbox 453 2955 472 2959; x_wconf 88' lang='lat'><strong>--</strong></span> <span class='ocrx_word' id='word_1_337' title='bbox 490 2939 546 2978; x_wconf 79' lang='grc'><strong>90,</strong></span> <span class='ocrx_word' id='word_1_338' title='bbox 573 2945 660 2978; x_wconf 84' lang='lat' dir='ltr'><strong>quos</strong></span> <span class='ocrx_word' id='word_1_339' title='bbox 686 2934 761 2979; x_wconf 79' lang='lat' dir='ltr'><strong>ipse</strong></span> <span class='ocrx_word' id='word_1_340' title='bbox 811 2934 847 2969; x_wconf 89' lang='lat' dir='ltr'><strong>in</strong></span> <span class='ocrx_word' id='word_1_341' title='bbox 875 2934 993 2979; x_wconf 74' lang='lat' dir='ltr'><strong>elegia</strong></span> <span class='ocrx_word' id='word_1_342' title='bbox 1017 2934 1162 2979; x_wconf 80' lang='lat' dir='ltr'><strong>integra</strong></span> <span class='ocrx_word' id='word_1_343' title='bbox 1187 2932 1328 2969; x_wconf 86' lang='lat' dir='ltr'><strong>Solonis</strong></span> <span class='ocrx_word' id='word_1_344' title='bbox 1354 2933 1496 2970; x_wconf 85' lang='lat' dir='ltr'><strong>nomine</strong></span> <span class='ocrx_word' id='word_1_345' title='bbox 1522 2932 1663 2978; x_wconf 75' lang='lat' dir='ltr'><strong>attulit,</strong></span> <span class='ocrx_word' id='word_1_346' title='bbox 1687 2932 1760 2968; x_wconf 70' lang='lat' dir='ltr'><strong>alio</strong></span> <span class='ocrx_word' id='word_1_347' title='bbox 1784 2935 1861 2970; x_wconf 67' lang='lat' dir='ltr'><strong>loeo</strong></span> <span class='ocrx_word' id='word_1_348' title='bbox 1893 2958 1898 2984; x_wconf 42' lang='grc' dir='ltr'><strong>ἱ</strong></span> 
     </span>
     <span class='ocr_line' id='line_1_38' title="bbox 310 2992 1617 3041; baseline -0.001 -11"><span class='ocrx_word' id='word_1_349' title='bbox 310 2995 427 3041; x_wconf 81' lang='lat' dir='ltr'>(CXI,</span> <span class='ocrx_word' id='word_1_350' title='bbox 457 2995 514 3039; x_wconf 83' lang='grc'><strong>16)</strong></span> <span class='ocrx_word' id='word_1_351' title='bbox 540 2993 742 3039; x_wconf 81' lang='lat' dir='ltr'><strong>Theognidi</strong></span> <span class='ocrx_word' id='word_1_352' title='bbox 768 2993 911 3039; x_wconf 85' lang='lat' dir='ltr'><strong>tribuit,</strong></span> <span class='ocrx_word' id='word_1_353' title='bbox 935 2994 979 3030; x_wconf 86' lang='lat' dir='ltr'><strong>de</strong></span> <span class='ocrx_word' id='word_1_354' title='bbox 1004 3004 1074 3038; x_wconf 87' lang='lat' dir='ltr'><strong>quo</strong></span> <span class='ocrx_word' id='word_1_355' title='bbox 1099 2993 1195 3029; x_wconf 77' lang='lat' dir='ltr'><strong>infra</strong></span> <span class='ocrx_word' id='word_1_356' title='bbox 1219 2992 1306 3029; x_wconf 81' lang='lat' dir='ltr'><strong>mihi</strong></span> <span class='ocrx_word' id='word_1_357' title='bbox 1331 2994 1511 3039; x_wconf 79' lang='lat' dir='ltr'><strong>agendum</strong></span> <span class='ocrx_word' id='word_1_358' title='bbox 1536 2992 1617 3031; x_wconf 81' lang='lat' dir='ltr'><strong>erit.</strong></span> 
     </span>
    </p>
   </div>
  </div>
 </body>
</html>
