1898 3418
711 194 1003 238 „41-

72 324 235 368 horum
266 340 476 369 versuum
511 341 538 369 a
569 325 757 369 Stobaeo
788 326 1016 369 laudatur.
1081 325 1166 369 Sed
1198 326 1364 368 nionne
1395 325 1478 368 hoc
1509 325 1629 369 idem

70 396 126 440 iis
157 397 324 453 opponi
355 401 512 454 potest,
547 398 625 454 qui
657 402 818 454 putant
847 412 1003 441 versus
1047 397 1286 440 amatorios
1328 397 1418 440 iam
1451 397 1628 440 Stobaei

71 468 348 524 temporibus
379 469 544 511 librum
576 476 621 513 A
660 474 833 512 secutos
865 484 972 512 esse.
1036 470 1154 512 Nam
1195 469 1279 512 hoc
1323 469 1446 511 nullo
1492 468 1628 511 modo

71 539 183 583 mihi
229 540 495 596 persuadere
545 555 727 597 possum
774 541 854 584 has
896 541 1008 584 duas
1056 541 1348 592 collectiones,
1391 555 1503 597 quas
1535 544 1629 583 tam

6 648 11 651 .
72 615 191 654 arcte
221 611 455 655 cohaerere
497 612 812 663 demonstravi,
852 613 959 655 olim
1002 613 1186 655 omnino
1234 616 1460 668 separatas
1490 611 1628 654 fuisse

72 686 117 726 et
146 686 300 739 postea
331 683 461 739 quasi
492 698 598 726 casu
630 683 828 740 quodam
849 685 1108 727 coniunctas
1140 698 1249 727 esse.
1312 683 1470 739 Neque
1502 697 1627 738 argu-

71 758 276 797 mentum
306 769 334 797 a
365 755 555 811 Bergkio
588 769 641 797 ex
674 755 829 798 ordine
870 770 1080 799 versuum
1116 755 1397 798 laudatorum
1438 754 1628 811 petitum

71 825 127 869 ad
158 825 335 869 irritum
365 825 495 878 cadit,
529 827 636 883 quia
666 826 773 869 ordo
806 827 1079 884 reliquorum
1110 824 1329 870 versuum
1354 825 1627 882 Theognide-

73 911 203 940 orum
235 912 327 940 non
374 902 574 941 mutatus
606 903 684 950 est,
717 913 821 941 cum
853 898 1043 942 disticha
1073 898 1289 941 amatoria
1319 912 1346 940 a
1377 897 1532 940 ceteris
1567 911 1628 940 se-

71 968 374 1026 iungerentur.

214 1053 484 1109 Priusquam
523 1058 672 1096 autem
713 1055 983 1111 reliquorum
1034 1055 1299 1110 scriptorum
1339 1053 1627 1109 antiquorum

72 1123 127 1167 de
160 1124 460 1180 Theognideis
502 1126 756 1168 testimonia
787 1126 1035 1169 accuratius
1080 1125 1300 1177 examino,
1348 1123 1627 1167 afferendum

72 1195 183 1238 mihi
213 1195 403 1246 videtur,
436 1196 558 1252 quod
589 1197 734 1240 Hiller
763 1198 811 1239 in
843 1197 990 1240 annal.
1024 1197 1175 1253 philol.
1209 1196 1294 1240 vol.
1319 1197 1372 1238 51
1407 1210 1507 1252 pag.
1539 1196 1626 1238 468

15 1266 25 1273 “
72 1266 127 1310 (10
164 1267 249 1310 hac
287 1282 333 1310 re
366 1268 582 1324 exposuit.
657 1269 756 1311 Hoc
790 1269 881 1311 fere
921 1268 993 1311 ille
1034 1268 1141 1310 dicit
1179 1268 1297 1311 viros
1343 1267 1507 1318 doctos,
1548 1267 1626 1323 qui

72 1338 302 1395 explorare
333 1339 509 1390 vellent,
543 1355 634 1396 quo
656 1344 854 1396 tempore
886 1340 1052 1396 sylloge
1074 1344 1226 1382 nostra
1256 1340 1373 1382 facta
1405 1339 1472 1390 sit,
1497 1353 1628 1394 saepe

71 1410 408 1466 perversissima
439 1411 609 1453 ratione
642 1426 745 1454 usos
783 1426 890 1462 esse,
935 1426 1037 1454 cum
1078 1411 1115 1454 si
1155 1410 1211 1453 ab
1258 1410 1408 1466 aliquo
1450 1414 1628 1453 auctore

71 1480 298 1537 Theognis
335 1481 398 1524 ita
438 1482 706 1534 laudaretur,
754 1487 804 1525 ut
854 1482 1141 1525 manifestum
1186 1482 1242 1524 sit
1286 1496 1390 1524 eum
1430 1486 1628 1523 nostram

73 1552 378 1596 collectionem
395 1558 473 1596 aut
488 1568 580 1596 11011
606 1553 783 1597 novisse
806 1558 884 1596 aut
899 1558 1014 1596 certe
1037 1568 1127 1596 non
1149 1553 1399 1609 Theognidi
1422 1552 1628 1595 tribuisse

0 1667 2 1670 ,
71 1623 389 1667 concluderent
420 1625 583 1667 librum
608 1630 811 1668 nostrum
835 1630 931 1668 tum
954 1625 1137 1668 omnino
1159 1624 1363 1667 nondum
1395 1623 1625 1666 exstitisse.

73 1695 176 1745 Qua
205 1695 253 1737 in
284 1710 331 1738 re
362 1696 533 1739 Hillero
565 1697 696 1753 plane
739 1697 977 1748 assentior;
1011 1711 1102 1739 non
1145 1696 1265 1738 enim
1304 1709 1482 1738 necesse
1522 1698 1627 1745 erat,

73 1766 110 1809 si
142 1781 286 1809 unum
317 1767 388 1810 vel
421 1768 651 1824 complura
682 1768 954 1824 exemplaria
984 1768 1139 1810 talium
1164 1767 1449 1823 syllogarum,
1483 1766 1628 1822 qualis

72 1842 225 1881 nostra
255 1843 332 1890 est,
365 1839 412 1881 in
445 1839 716 1895 quibusdam
738 1839 1015 1882 bibliothecis
1038 1843 1175 1890 erant,
1209 1853 1261 1881 ea
1292 1838 1501 1881 omnibus
1522 1842 1629 1880 nota

73 1909 211 1953 fuisse
242 1914 285 1952 et
315 1909 372 1952 ab
403 1910 612 1953 omnibus
644 1926 724 1967 pro
755 1910 963 1967 genuinis
995 1909 1293 1966 Theognideis
1335 1909 1487 1952 habita
1519 1923 1625 1951 esse.

218 1981 386 2031 Quodsi
420 1982 557 2038 igitur
588 1982 822 2025 Nietzsche
853 1996 953 2038 pag.
993 1982 1074 2024 180
1092 1996 1112 2023 s
1144 1986 1259 2024 recte
1291 1995 1345 2023 ex
1386 1980 1553 2023 Juliani
1586 1984 1629 2023 et

75 2051 228 2108 Cyrilli
258 2052 366 2096 locis
397 2053 623 2096 concludit
653 2054 716 2096 eis
747 2068 838 2096 non
871 2058 1023 2095 notam
1065 2053 1202 2095 fuisse
1243 2056 1440 2094 nostram
1479 2051 1627 2094 collec-

75 2123 255 2175 tionem,
301 2138 356 2167 ex
398 2139 449 2167 eo
491 2139 582 2168 non
623 2125 825 2181 sequitur
864 2129 964 2181 post
1003 2125 1165 2166 horum
1198 2124 1394 2167 virorum
1427 2128 1628 2179 tempora

75 2209 176 2238 eam
191 2196 484 2252 compositam
502 2211 608 2239 esse.
653 2197 763 2239 Mihi
785 2196 968 2252 quidem
991 2196 1131 2239 multo
1154 2194 1429 2238 virisimilius
1452 2194 1629 2237 videtur

74 2266 167 2309 iam
197 2266 480 2310 Athenaeum
511 2272 663 2311 nostra
699 2268 866 2324 sylloge
907 2283 1039 2310 usum
1081 2281 1189 2316 esse,
1222 2266 1330 2322 quia
1361 2266 1417 2316 X,
1435 2266 1552 2308 4280
1583 2280 1624 2308 v.

74 2338 278 2380 477-87
313 2343 356 2381 et
389 2339 496 2382 VIII
527 2340 654 2382 3640
685 2355 725 2383 v.
760 2340 844 2382 467
890 2344 932 2382 et
972 2343 1143 2395 part-em
1177 2352 1332 2381 versus
1371 2338 1472 2388 469,
1514 2351 1627 2393 quos

76 2424 168 2452 non
191 2424 219 2452 a
238 2414 369 2466 poeta
392 2411 642 2467 Megarensi
664 2412 803 2453 factos
827 2425 921 2453 esse
943 2409 1021 2452 sed
1039 2410 1195 2452 Eueno
1217 2409 1346 2451 Pario
1368 2407 1627 2450 tribuendos

77 2496 171 2524 esse
213 2496 349 2538 supra
388 2481 704 2533 demonstravi,
737 2481 1011 2537 Theognidis
1052 2481 1235 2524 nomine
1274 2480 1414 2522 affert.
1478 2479 1625 2529 Quam

76 2553 343 2596 sententiam
376 2567 427 2596 eo
449 2568 629 2610 quoque
651 2553 930 2610 comprobari
951 2567 1080 2609 posse
1102 2552 1320 2602 existimo,
1354 2550 1475 2607 quod
1495 2549 1626 2592 Athe—

76 2638 217 2667 naeus
252 2624 406 2667 eodem
440 2625 536 2667 loco
569 2625 680 2667 duas
713 2624 875 2680 elegias
897 2624 1014 2675 citat,
1038 2624 1220 2679 quaein
1255 2622 1415 2665 nostris
1447 2635 1626 2678 quoque

75 2695 466 2752 Theognideorum
499 2696 622 2738 libris
654 2696 848 2738 eundem
870 2695 1017 2738 locum
1039 2695 1254 2737 obtinent.
1303 2693 1485 2749 Legitur
1506 2692 1625 2734 enim

76 2767 139 2810 sic
179 2767 300 2823 apud
331 2767 613 2810 Athenaeum
646 2767 745 2818 VH,
769 2768 856 2809 310
878 2772 922 2809 Α
938 2781 946 2808 :
973 2763 1056 2811 ςΗν
1077 2768 1124 2810 δὲ
1156 2771 1232 2809 καὶ
1264 2767 1287 2808 ὅ
1322 2767 1496 2819 Θέογνις
1528 2768 1627 2821 περὶ

75 2836 380 2896 ἡδυπάθειαν,
405 2836 462 2891 ὥς
493 2839 622 2892 αὐτος
653 2847 751 2898 περὶ
784 2841 921 2883 αὑτοῦ
951 2845 1050 2896 φησὶ
1072 2836 1145 2881 δια
1179 2855 1331 2880 τοιτων
1362 2835 1627 2891 (sequuntur

75 2925 117 2955 V.
152 2909 430 2967 997—1002)
450 2912 549 2955 οὐδὲ
570 2911 616 2954 τὸ
641 2911 952 2969 παιδεραστεῖν
973 2911 1276 2953 ἀπαναίνεται
1298 2907 1319 2951 o‘
1343 2905 1470 2960 σοφός
1491 2902 1623 2956 οὗτος.

76 2984 189 3039 λέγει
227 2987 330 3037 γοῦν
370 2980 603 3038 (sequntur
633 2997 674 3025 v.
709 2981 939 3036 993-96).
1003 2979 1090 3023 Sed
1127 2980 1260 3022 aliam
1303 2978 1375 3021 hic
1408 2976 1626 3020 Athenaei
