1898 3418
939 204 1231 251 -22-

446 340 552 382 Post
561 339 588 381 J
591 338 809 381 ordalium
836 338 1022 382 eandem
1050 338 1359 395 quaestionem
1372 339 1626 383 retractavit
1638 338 1711 383 Fr.
1723 339 1870 385 Caum·

303 412 348 453 in
374 411 532 454 studiis
555 410 890 466 Theognideis¹)
916 410 994 466 qui
1018 410 1087 453 vir
1118 410 1275 453 doctus
1300 411 1380 454 etsi
1401 410 1588 454 Jordani
1609 407 1869 468 opinionem

307 483 442 539 paulo
481 469 936 525 circumscribendam
991 496 1086 525 esse
1130 486 1271 539 putat,
1325 487 1475 526 tamen
1517 482 1565 525 in
1606 483 1869 528 universum

303 554 520 597 iudicium
539 554 634 597 eius
651 553 823 610 probat,
846 568 948 596 cum
974 553 1093 597 dicat
1108 568 1207 611 pag.
1227 554 1311 597 541
1332 554 1358 597 l.
1378 568 1413 597 c.
1433 570 1441 597 :
1467 554 1549 598 Die
1565 554 1871 613 Betrachmng

304 626 382 669 der
414 626 591 677 Stellen,
627 626 791 668 welche
823 625 1024 681 zugleich
1056 626 1118 668 im
1151 630 1297 669 ersten
1329 626 1424 669 und
1456 626 1638 670 zweiten
1670 625 1750 670 der
1778 641 1870 672 von

307 697 618 740 Schneidewin
643 697 904 740 statuierten
923 697 1187 740 Abschnitte
1203 697 1460 741 fiberliefert
1481 697 1595 750 sind,
1612 698 1692 742 hat
1711 697 1760 742 in
1780 697 1871 743 den

303 769 492 812 meisten
510 769 663 812 Fallen
682 768 795 811 dazu
807 769 1000 825 geffihrt,
1014 768 1102 812 den
1112 769 1324 812 Lesarten
1342 769 1419 813 des
1441 774 1586 813 ersten
1608 766 1870 815 Abschnists'

304 841 391 884 den
407 841 588 897 Vorzug
605 855 658 883 zu
671 840 827 897 geben.
853 840 940 884 Sed
956 841 1045 884 iam
1064 841 1149 898 ipsi
1165 841 1364 898 singulos
1372 855 1527 885 versus
1545 841 1869 895 examinemus,

304 928 394 970 quo
427 927 764 969 cognoscamus,
798 913 909 970 quid
941 913 996 956 de
1028 913 1082 956 iis
1113 913 1407 956 iudicandum
1440 914 1507 957 sit.

446 1009 499 1052 In
537 1024 578 1052 v.
621 1009 812 1061 39—32‚
853 1009 931 1066 qui
973 1010 1192 1052 iterantur
1235 1014 1335 1067 post
1375 1025 1416 1054 v.
1456 1010 1569 1053 1082
1613 1025 1694 1068 pro
1734 1025 1778 1055 v.
1810 1009 1871 1056 40

303 1081 554 1141 ἓνθυντῆρα
578 1087 712 1138 κακῆς
734 1081 880 1141 ῧβριος
912 1084 1128 1139 ἡμετέρης,
1164 1081 1325 1138 legitur
1349 1081 1486 1125 altero
1508 1082 1627 1125 loco:
1661 1083 1872 1143 ὑβριστήν

304 1145 502 1211 χαλεπῆς
534 1152 728 1211 ἡγεμόνα
763 1152 946 1206 στάσιος.
1013 1153 1148 1196 Recte
1195 1153 1307 1196 mihi
1339 1153 1506 1197 Jordan
1541 1154 1566 1196 l.
1602 1168 1638 1197 o.
1677 1167 1778 1212 pag.
1815 1155 1870 1198 12

303 1224 475 1268 variam
508 1225 743 1268 lectionem
777 1225 1093 1282 interpretatus
1125 1239 1220 1268 esse
1242 1225 1432 1277 videtur,
1465 1240 1569 1269 cum
1601 1225 1720 1270 dicat
1739 1225 1871 1271 inter-

304 1297 562 1354 polatorem,
609 1311 745 1353 quem
777 1297 849 1340 ille
883 1297 1152 1340 diorthotam
1194 1297 1402 1354 appellat,
1447 1297 1569 1354 quod
1600 1293 1871 1342 vocabulum

303 1369 568 1412 inusitatum
616 1365 839 1426 εὔθυντήρ
887 1384 991 1412 eum
1032 1369 1290 1421 offenderet,
1324 1373 1468 1412 totum
1512 1383 1694 1413 versum
1731 1373 1870 1415 trans·

303 1441 530 1484 formasse.
567 1441 716 1492 Quam
732 1455 968 1498 perperam
984 1445 1135 1484 autem
1153 1441 1225 1484 ille
1237 1455 1420 1484 sensum
1427 1441 1634 1485 vocabuli
1647 1439 1872 1506 εὔθυντῆρ

302 1513 581 1564 intellexerit,
600 1513 728 1556 facile
751 1513 1076 1569 cognoscimus,
1100 1527 1207 1556 nam
1225 1527 1328 1556 cum
1347 1513 1483 1570 priori
1500 1513 1596 1556 loco
1617 1513 1691 1557 hic
1712 1527 1871 1558 sensus

304 1599 460 1628 revera
481 1584 612 1628 insit:
636 1585 771 1627 timeo
795 1599 851 1627 ne
875 1584 1093 1642 oppidum
1115 1589 1361 1642 tyrannum
1377 1585 1545 1642 gignat,
1570 1585 1649 1642 qui
1669 1589 1871 1632 nostram

304 1656 470 1699 malam
493 1656 719 1699 licentiam
742 1656 993 1699 domiturus
1012 1656 1080 1709 sit,
1102 1656 1176 1700 ille
1199 1656 1391 1714 scripsit:
1416 1657 1551 1700 timeo
1573 1671 1630 1700 ne
1651 1655 1870 1715 oppidum

307 1733 551 1786 tyrannum
583 1729 751 1785 gignat,
785 1729 1009 1772 nefarium
1048 1728 1291 1780 hominem,
1326 1729 1404 1786 qui
1435 1729 1586 1786 gravis
1623 1726 1871 1775 discordiae

306 1805 461 1843 auctor
491 1801 670 1843 futurus
703 1800 770 1843 sit.
822 1800 963 1843 Multo
986 1800 1258 1857 probabilior
1288 1800 1401 1843 mihi
1433 1801 1543 1844 haec
1564 1800 1870 1859 interpretatio

304 1872 490 1916 Jordani
512 1872 691 1915 videtur
713 1887 851 1929 quam
874 1872 1222 1924 Reitzensteinii‚
1257 1873 1335 1929 qui
1359 1887 1458 1929 pag.
1485 1874 1538 1916 61
1573 1872 1674 1915 libri
1691 1872 1870 1930 saepius

305 1944 426 1987 citati
458 1959 485 1987 a
517 1944 704 1987 diversis
736 1944 878 2001 poetis
910 1944 991 1987 has
1015 1944 1176 2001 elegias
1209 1944 1478 2001 compositas
1510 1958 1604 1988 esse
1640 1939 1871 1989 contendit

306 2016 384 2073 qui
425 2016 478 2059 de
525 2016 755 2073 republica
794 2015 1071 2059 instituenda
1109 2015 1307 2059 diversas
1352 2015 1595 2059 sententias
1638 2015 1867 2061 haberent.

306 2088 398 2131 Nec
429 2087 616 2131 Jordani
649 2088 850 2144 opinioni
883 2087 1074 2139 obstant,
1107 2103 1223 2145 quae
1256 2088 1400 2131 Cauer
1430 2088 1456 2131 l.
1491 2102 1526 2131 c.
1561 2102 1661 2146 pag.
1695 2088 1782 2132 533
1813 2086 1870 2133 de

306 2159 472 2203 eisdem
507 2159 710 2204 versibus
742 2161 883 2203 affert.

447 2255 670 2299 Proximis
688 2255 863 2299 duobus
882 2255 1084 2299 distichis
1093 2257 1303 2313 repetitis,
1322 2272 1363 2301 v.
1384 2257 1624 2300 57—60=
1637 2257 1870 2302 1109—10

271 2337 273 2339 ’
307 2332 350 2371 et
394 2328 639 2380 1113---14,
682 2328 765 2370 hoc
806 2332 872 2371 est
910 2328 1155 2385 proprium,
1197 2328 1320 2385 quod
1356 2328 1648 2385 interpolator
1685 2328 1870 2373 tertium

307 2399 530 2442 distichon
562 2399 616 2442 iis
647 2399 835 2442 inseruit
857 2400 1039 2456 reliquis
1071 2415 1163 2443 non
1185 2415 1346 2457 parum
1377 2400 1639 2444 immutatis.
1687 2399 1794 2458 Egit
1812 2399 1868 2445 de

306 2471 376 2515 his
398 2485 579 2528 quoque
602 2471 753 2528 elegiis
776 2471 1077 2515 Reitzenstein
1094 2473 1119 2515 l.
1140 2487 1175 2516 c.
1195 2487 1294 2529 pag.
1319 2473 1389 2524 62,
1413 2473 1541 2516 cuius
1562 2472 1869 2530 interpretatio

306 2543 471 2600 elegiae
503 2544 692 2595 53-60,
732 2558 847 2599 quae
886 2549 951 2587 est
1001 2559 1100 2602 pag.
1136 2545 1192 2588 62
1234 2559 1336 2587 ann.
1385 2546 1421 2595 1,
1460 2544 1571 2588 mihi
1609 2543 1870 2602 accipienda

307 2630 402 2658 esse
434 2614 628 2667 videtur;
663 2614 741 2658 sed
772 2615 908 2659 nimis
928 2617 1080 2672 magni
1104 2616 1249 2660 virum
1284 2615 1465 2659 doctum
1498 2631 1603 2660 eum
1632 2615 1868 2661 aestimare

307 2692 428 2744 puto,
463 2687 541 2743 qui
574 2702 613 2730 v.
654 2688 886 2730 1109-—14
918 2688 1194 2744 conscripsit,
1233 2701 1338 2731 cum
1378 2688 1459 2731 hos
1491 2702 1647 2732 versus
1680 2687 1868 2746 antiquo

306 2763 440 2815 poetu
473 2758 651 2809 tribuat,
686 2758 740 2802 de
772 2774 861 2815 quo
894 2774 993 2816 pag.
1028 2759 1084 2803 64
1117 2759 1246 2803 dicit:
1271 2759 1478 2803 Welcher
1509 2759 1759 2804 Sentenzen
1789 2758 1868 2804 des

307 2830 533 2887 Theognis
565 2831 638 2873 fiir
676 2830 840 2874 andere
880 2831 1112 2888 politische
1157 2830 1464 2875 Verbalt-nisse
1505 2831 1601 2876 und
1645 2830 1869 2876 vielleicht

452 3032 479 3085 ¹)
503 3033 541 3069 in
567 3033 696 3069 Philol.
723 3033 793 3070 vol.
819 3036 864 3068 50
891 3044 972 3079 pag.
999 3036 1068 3068 529
1085 3044 1131 3069 ss.
