1898 3418
690 217 758 246 ..ι
813 193 870 236 33
934 218 989 225 -

52 320 115 364 iis
170 321 399 374 simillimi,
455 336 649 378 quorum
695 323 938 366 sententias
994 337 1130 379 supra
1181 337 1280 379 pag.
1322 323 1378 366 29
1420 322 1620 379 exposui.

59 391 114 434 In
146 392 288 448 elegia
323 394 553 436 1119—22
575 398 707 450 poeta
737 408 765 437 a
795 393 890 437 deis
921 395 1045 450 petit,
1078 398 1129 436 ut
1150 394 1396 438 iuventutis
1426 395 1533 437 flore
1554 394 1621 436 uti

60 463 213 520 possit,
246 463 295 506 in
326 465 534 520 proxima
564 464 620 507 ab
652 465 795 508 amico
828 465 950 521 petit,
983 480 1040 508 ne
1071 465 1293 508 malorum
1324 469 1367 508 et
1402 465 1618 516 laborum,

59 547 176 590 quae
207 536 432 591 permulta
462 550 699 592 perpessus
731 536 799 587 sit,
853 551 899 579 se
943 535 1193 579 admoneat.
1257 536 1350 579 Nec
1385 536 1536 579 minus
1572 537 1620 579 in

25 652 29 653 ⁷
58 610 272 662 sequente
305 607 501 649 carmine
533 606 640 650 dicit
687 621 733 650 se
765 612 1075 663 paupertatem
1112 622 1242 650 suam
1273 612 1317 650 et
1357 607 1511 650 odium
1541 608 1620 650 ini-

57 676 279 720 micorum
309 692 401 720 non
423 691 590 729 curare,
615 677 692 720 sed
714 677 761 720 id
784 678 930 721 solum
961 678 1120 730 dolere,
1144 678 1264 735 quod
1296 679 1506 722 iuventus
1527 683 1620 721 tam

58 747 257 791 celeriter
278 748 475 805 effugiat.
518 749 718 791 Proximi
740 749 918 792 distichi
945 750 1177 792 1133—34
1198 749 1325 792 lectio
1343 764 1620 806 quamquam

62 824 214 876 aperte
246 824 455 876 corrupta
487 824 565 871 est,
599 825 753 863 tamen
785 821 1073 877 perspicuum
1105 825 1170 863 est
1203 820 1288 864 hoc
1319 821 1409 864 fere
1441 826 1619 878 poetam

58 889 204 934 dicere
236 905 282 933 se
314 904 464 933 rerum
497 891 788 934 adversarum
820 892 956 934 finem
987 892 1211 934 facturum
1243 906 1349 935 esse.
1414 893 1619 943 Quocum

59 962 227 1018 optime
262 962 470 1018 congruit
500 962 677 1019 longius
709 977 903 1015 carmen,
937 962 1059 1019 quod
1090 963 1302 1019 sequitur,
1326 978 1415 1020 quo
1447 963 1621 1006 eximiis

58 1032 267 1076 laudibus
299 1047 400 1089 spes
448 1034 642 1076 effertur.
706 1034 907 1077 Disticho
943 1035 1175 1077 1153—54
1206 1039 1337 1091 poeta
1367 1034 1545 1078 divitias
1577 1039 1620 1077 et

58 1104 199 1148 vitam
215 1104 333 1147 curis
351 1118 540 1147 vacuam
556 1104 640 1148 sibi
658 1109 794 1161 optat,
818 1119 920 1148 cum
934 1105 982 1147 in
993 1110 1206 1161 sequente
1222 1105 1340 1148 dicat
1360 1110 1618 1149 contentum

59 1189 106 1218 se
137 1189 245 1227 esse,
279 1176 316 1218 si
347 1175 482 1218 modo
514 1176 646 1219 liceat
674 1176 862 1219 modicis
893 1176 1022 1219 bonis
1053 1177 1153 1219 frui.

202 1247 370 1290 Versus
402 1247 481 1303 qui
514 1252 614 1304 post
650 1249 762 1291 1160
793 1252 1055 1304 sequuntur,
1079 1249 1186 1304 quia
1216 1248 1263 1291 in
1294 1249 1348 1291 iis
1379 1248 1619 1292 crebriores

59 1318 342 1375 repetitiones
360 1318 529 1370 insunt,
552 1333 644 1361 non
666 1319 817 1362 minus
839 1333 976 1375 quam
1001 1335 1042 1363 v.
1070 1320 1183 1363 1070
1200 1321 1402 1362 a-1118
1423 1321 1618 1376 integros

59 1389 378 1433 adscribendos
411 1404 506 1432 esse
539 1404 709 1433 censeo.
774 1390 890 1433 Sunt
920 1394 1070 1433 autem
1098 1390 1171 1433 hi:

490 1462 603 1504 1160
620 1475 658 1504 a.
692 1463 737 1504 Ὠ
785 1469 884 1514 νέοι,
933 1467 972 1506 οἱ
1009 1468 1089 1508 νῦν
1126 1462 1292 1522 ἄνδρες,
1332 1464 1434 1518 ἐμοί
1460 1481 1507 1517 γε
1536 1469 1620 1520 μὲν

135 1531 255 1575 idem
287 1546 339 1574 ac
771 1530 886 1586 οὔτις
917 1533 1087 1592 ἀνάγκη

124 1605 290 1646 1095-
299 1605 355 1645 96
621 1604 668 1646 b.
699 1607 813 1649 τοῦθ
858 1605 1010 1664 ἕρδειν·
1060 1609 1150 1650 τῶν
1180 1625 1254 1662 μοι
1285 1608 1457 1664 πρόσθε
1489 1607 1619 1666 χάριν

448 1616 462 1740 Ι
771 1682 937 1720 τίθεσο.

700 1749 874 1792 Οὐδένα
906 1747 1133 1806 θησαυρόν
1162 1748 1439 1806 καταθήσειν
1466 1757 1619 1794 παισὶν

138 1816 257 1859 idem
289 1831 341 1859 ac
447 1755 460 1887 l
774 1819 970 1876 ἄμεινον·

135 1889 341 1931 409-10
697 1893 896 1935 αἰτοῦσιν
927 1893 966 1935 δ’
1001 1893 1191 1946 α’γαθοῖς
1230 1887 1429 1951 α’νδριίσι,
1465 1894 1614 1951 Κύρνε,

450 1900 464 2025 ¹
773 1963 909 2006 δίδου.

490 2033 602 2075 1162
619 2047 656 2075 a.
695 2035 846 2086 Οὐδεὶς
876 2034 960 2092 γάρ
983 2032 1112 2079 πάντ’
1136 2036 1224 2078 ἐστὶ
1246 2034 1497 2088 πανόλβιος·
1522 2038 1615 2080 ἀλλ’

770 2107 792 2149 o‘
823 2111 905 2161 μὲν
935 2104 1095 2158 ἐσθλός

622 2175 661 2218 b.
695 2179 836 2237 τολμᾷ
867 2177 976 2233 ἔχων
1007 2178 1055 2220 τὸ
1089 2176 1225 2223 κακόν
1256 2182 1291 2221 κ’
1314 2180 1390 2223 οὐκ
1412 2180 1618 2239 ἐπίδηλον

773 2247 900 2304 ὅμως·

620 2332 655 2361 c.
692 2320 831 2371 δειλὸς
877 2320 913 2362 δ’
957 2318 1049 2363 οὔτ’
1098 2322 1343 2375 ἀγαθοῖσιν
1383 2324 1617 2368 ἐπίσταται

138 2385 257 2428 idem
290 2400 342 2428 ac
773 2387 871 2435 οὗτε
903 2403 1097 2435 κακοῖσιν
1462 2429 1464 2431 ψ

136 2458 342 2500 441--46
443 2460 456 2589 Ι
621 2460 664 2503 d.
699 2462 847 2517 θυμὸν
886 2459 1004 2519 <imag
1043 2470 1223 2519 μίσγειν·
1273 2464 1522 2511 οἷθανάτων
1566 2470 1615 2512 δὲ

771 2531 911 2585 δόσεις

622 2617 657 2645 e.
692 2616 902 2648 παντοῖαι
953 2610 1179 2663 θνητοῖσιν
1230 2608 1466 2666 ἔπερχοντ’,
1520 2612 1612 2654 ἀλλ’

770 2677 1016 2731 ἐπιτολμᾶν

627 2746 655 2788 f.
689 2746 767 2806 χρή
821 2748 922 2806 δῶρ’
984 2749 1247 2802 ἀθανάτων,
1300 2751 1370 2795 οἶα
1423 2753 1615 2798 διδοῦσιν

775 2818 797 2833 ,,

769 2835 895 2874 ἔχειν.

693 2891 941 2947 Ὀφθαλμοῖ
972 2899 1047 2935 καὶ
1077 2892 1245 2946 γλῶσσα
1278 2901 1352 2937 καὶ
1373 2890 1516 2938 οἷῖατα
1537 2903 1613 2939 καῖ

771 2962 869 3013 νόος
899 2962 1072 3021 ἀνδρῶν

695 3031 743 3077 ἐν
772 3039 914 3092 μέσσῳ
948 3039 1142 3090 στηθέων
1171 3036 1405 3087 ἕνσονετοῖς
1443 3036 1610 3094 φύεται.

1350 3097 1370 3130 3
