1898 3418
907 199 1198 245 -20-

271 331 486 383 concedit,
535 332 613 388 qui
660 346 760 389 pag.
795 332 849 374 37
883 331 910 374 1.
944 346 980 374 c.
1015 330 1121 375 dicit
1158 346 1252 375 esse
1300 346 1352 375 ea
1388 331 1578 376 disticha
1623 332 1755 378 haec:
1776 328 1830 379 ἡ.
1895 350 1898 351 ’

273 404 490 455 209-10,
525 404 743 456 211-12,
778 403 997 455 643-44‚
1027 403 1268 455 1160a--b‚
1302 418 1418 460 quae
1443 403 1635 448 disticha
1655 404 1833 450 adecho
1896 404 1898 407 ’

271 474 422 531 aliquo
464 475 623 518 lectore
654 475 702 518 in
733 474 1014 532 marginibus
1036 475 1200 518 codicis
1221 475 1465 533 archetypi,
1489 490 1543 519 ex
1565 490 1656 533 quo
1675 488 1834 521 omnes
1895 474 1898 526 ]

273 546 411 589 nostri
459 546 852 603 Theognideorum
899 546 1000 589 libri
1057 547 1280 599 fluxerint,
1337 547 1561 605 adscripta
1606 552 1762 606 postea
1804 561 1834 593 a

271 617 462 660 librariis
509 618 557 660 in
603 633 817 662 versuum
864 622 1123 661 contextum
1172 623 1348 676 recepta
1389 633 1484 662 esse
1514 624 1678 672 censet,
1709 618 1833 678 quod

273 703 323 732 eo
355 690 529 732 facilius
561 689 656 733 fieri
702 690 899 747 potuisse
947 690 1065 743 dicit,
1100 690 1207 747 quia
1252 691 1362 734 11300
1400 696 1612 748 quattuor
1643 691 1836 737 disticha

271 761 318 803 in
351 762 544 804 confinio
576 761 785 804 foliorum
818 761 1035 818 legantur.
1116 761 1203 805 Sed
1236 767 1342 806 sunt
1372 763 1603 816 nonnulla,
1636 777 1753 821 quae
1783 764 1854 826 in‘

272 832 354 875 hac
386 832 470 876 viri
503 832 620 876 docti
653 833 873 876 sententia
903 848 975 876 me
1005 833 1247 876 offendant.
1312 834 1514 878 Primum
1546 835 1667 878 enim
1698 835 1834 880 liben-

272 904 442 947 tissime
475 904 583 947 dicit
614 904 897 948 Studemund
929 905 1164 948 fasciculos
1196 906 1430 963 utriusque
1461 907 1664 965 florilegii
1695 907 1834 952 fuisse

273 976 511 1032 quiniones
543 991 634 1019 non
668 977 996 1033 quaterniones.
1077 977 1137 1020 At
1167 981 1296 1034 putat
1326 992 1427 1035 pag.
1461 978 1520 1022 40
1550 979 1576 1022 l.
1611 993 1647 1023 c.
1681 993 1729 1023 se
1759 978 1834 1024 eti-

272 1048 386 1090 amsi
432 1049 748 1104 quaterniones
796 1049 1034 1101 statuisset,
1082 1049 1279 1105 potuisse
1326 1049 1606 1106 „probabiles
1636 1050 1835 1096 indicare

272 1119 373 1169 vias,
414 1119 469 1162 ad
518 1120 738 1177 originem
784 1121 896 1164 falso
943 1121 1062 1164 intra
1092 1120 1212 1164 idem
1244 1121 1511 1178 florilegium
1543 1122 1834 1180 repetitomm

273 1191 567 1234 distichorum
600 1191 926 1248 explicandam.
991 1193 1078 1235 Sed
1110 1193 1283 1236 etiamsi
1330 1193 1414 1237 hoc
1461 1194 1500 1237 ei
1532 1194 1834 1248 concedimus,

273 1267 425 1306 tamen
457 1277 592 1306 causa
624 1263 951 1307 Studemundio
984 1264 1213 1308 afferenda
1234 1269 1328 1308 erat
1348 1280 1428 1309 cur
1450 1267 1675 1323 putaverit
1695 1267 1834 1311 fuisse

272 1335 320 1377 in
355 1335 543 1392 singulis
574 1335 752 1392 paginis
789 1336 968 1379 illorum
1014 1341 1218 1381 veterum
1263 1337 1470 1382 codicum
1515 1353 1647 1382 senos
1694 1331 1834 1383 denos

272 1422 440 1452 Versus.
506 1407 640 1458 Quod
686 1422 790 1450 cum
834 1408 947 1450 nihil
978 1408 1035 1451 sit
1065 1408 1152 1452 nisi
1184 1409 1438 1453 coniectura
1469 1410 1576 1453 satis
1596 1409 1836 1455 libidinosa

273 1479 402 1531 facta,
435 1483 486 1522 ut
516 1479 628 1521 mihi
659 1479 850 1532 videtur,
898 1494 989 1536 quo
1036 1480 1226 1524 disticha
1271 1481 1347 1524 illa
1393 1485 1605 1538 quattuor
1648 1482 1836 1540 repetita

273 1551 493 1603 209—10,
528 1552 746 1603 211--12,
772 1552 990 1604 643—44,
1029 1552 1242 1605 1160ab,
1276 1567 1391 1610 quae
1423 1557 1517 1596 tam
1547 1553 1836 1598 incommoda
1884 1593 1887 1595 ,

274 1622 603 1666 Studemundio
626 1627 878 1676 occurrunt,
901 1623 949 1666 in
970 1624 1163 1667 confinio
1185 1625 1395 1668 fohorum
1418 1625 1566 1669 locum
1589 1625 1833 1679 obtineant,

272 1698 365 1737 tota
387 1695 714 1751 argumentatio
747 1694 804 1737 ad
835 1695 1012 1738 irritum
1043 1695 1172 1739 cadit.
1193 1696 1223 1754 ¹)
1287 1696 1376 1740 Fac
1409 1711 1443 1740 0.
1477 1711 1542 1753 gr.
1575 1697 1713 1742 fuisse
1743 1711 1837 1742 non

278 1767 330 1809 16
363 1765 442 1809 sed
478 1766 530 1808 18
578 1780 733 1810 versus
779 1766 828 1809 in
877 1767 1064 1824 singulis
1112 1768 1301 1824 paginis,
1348 1783 1402 1811 en
1451 1768 1591 1812 habes
1636 1769 1836 1826 probatis
1887 1818 1892 1821 ,

277 1837 487 1881 omnibus
534 1838 703 1890 ceteris,
763 1853 879 1895 quae
927 1838 1211 1883 Studemund
1257 1840 1399 1892 affert,
1452 1841 1504 1883 18
1530 1855 1537 1863 ·
1563 1841 1618 1884 78
1639 1861 1697 1878 =
1722 1841 1838 1885 1404

274 1924 443 1962 versus,
493 1909 603 1952 dum
648 1910 697 1952 in
743 1915 894 1953 nostro
941 1910 1053 1954 libro
1085 1911 1253 1968 optimo
1289 1912 1532 1955 Mutinensi
1563 1923 1655 1956 non
1686 1912 1838 1970 plures
1895 1964 1898 1965 ⁷

275 1995 414 2038 quam
451 1982 561 2025 1256
594 1996 749 2026 versus
781 1982 1003 2039 leguntur.

417 2076 506 2120 Sed
526 2077 619 2120 iam
645 2077 878 2121 mittamus
899 2078 1017 2121 hanc
1034 2078 1349 2122 Studemundii
1366 2079 1634 2123 sententiam
1655 2079 1836 2134 deloco,

278 2163 367 2205 quo
389 2148 547 2192 incisio
568 2149 685 2192 inter
706 2149 818 2192 duas
838 2150 1146 2207 gnomologias
1169 2151 1226 2193 sit
1246 2151 1461 2194 facienda.
1497 2151 1694 2195 Omnino
1716 2152 1838 2196 0111111

275 2220 427 2277 opinio
445 2235 613 2273 eorum,
629 2221 708 2277 qui
731 2235 786 2264 ex
803 2221 979 2264 duabus
1001 2222 1334 2266 collectionibus
1357 2223 1521 2266 librum
1538 2230 1585 2268 A
1598 2227 1839 2273 consutum

276 2307 371 2335 esse
394 2292 663 2345 existimant,
687 2307 967 2350 quamquam
990 2298 1096 2336 sunt
1126 2294 1307 2351 plurimi
1329 2294 1450 2351 iique
1472 2294 1837 2349 doctissimitviri,

277 2363 548 2407 reiciendam
588 2378 682 2407 esse
727 2378 899 2408 censeo.
963 2365 1081 2408 Nam
1125 2370 1319 2422 quantae
1357 2365 1642 2410 difficultates
1682 2375 1839 2411 eorum

277 2435 498 2479 sententia
528 2439 710 2493 accepta
741 2442 1014 2488 remaneant,
1047 2437 1275 2480 neminem
1306 2438 1459 2495 fugere
1502 2443 1659 2495 potest.
1732 2437 1836 2483 Ubi·

422 2661 448 2707 ²)
472 2662 610 2698 Mirum
636 2663 702 2698 hoc
727 2673 867 2707 quoque
881 2663 969 2698 mihi
988 2663 1145 2710 videtur,
1165 2664 1259 2709 quod
1279 2664 1505 2700 Studemund
1523 2675 1649 2701 versus
1673 2666 1781 2701 209-
1794 2667 1839 2702 10

278 2726 315 2757 et
341 2724 405 2756 211
425 2743 443 2748 —
462 2726 503 2757 12
530 2722 596 2757 hoc
620 2722 738 2767 priore
763 2723 839 2758 loco
865 2722 903 2758 in
929 2723 1123 2768 archetypo
1149 2723 1310 2759 codicum
1338 2729 1540 2760 nostrorum
1565 2724 1604 2761 111
1638 2723 1838 2772 marginem

278 2781 479 2826 adscriptos
497 2792 574 2818 esse
592 2787 699 2827 putat
712 2793 781 2817 non
807 2782 844 2817 in
863 2783 1058 2828 posteriore
1084 2790 1165 2828 post
1189 2794 1223 2821 v.
1251 2787 1319 2819 332
1346 2788 1429 2819 etv.
1458 2787 1538 2820 508.
1586 2784 1651 2830 (cf.
1675 2778 1839 2822 tabulain

278 2852 299 2876 a
324 2841 589 2877 Studemundio
608 2852 690 2887 pag.
717 2844 762 2877 38
790 2842 812 2879 l.
826 2853 855 2877 c.
875 2842 1132 2887 compositam).
1153 2842 1330 2887 Equidem
1358 2854 1501 2879 causam
1521 2844 1656 2880 nullam
1674 2843 1839 2882 invenire

278 2900 391 2945 potui,
418 2911 481 2935 cur
522 2902 648 2936 doctus
685 2901 747 2936 ille
773 2902 896 2947 lector,
934 2901 978 2937 de
1004 2912 1073 2946 quo
1099 2902 1326 2938 Studemund
1361 2913 1443 2947 pag.
1484 2906 1528 2938 39
1554 2903 1644 2949 agit,
1671 2903 1736 2940 hoc
1760 2904 1840 2950 ipm

279 2960 354 2995 loco
380 2960 448 2995 duo
463 2960 527 2995 illa
545 2960 701 2996 disticha
719 2960 905 3006 insereret,
925 2972 1004 2997 cum
1031 2967 1068 2997 et
1093 2972 1185 3005 quae
1210 2962 1431 2997 antecedunt
1450 2967 1488 2998 et
1513 2973 1606 3007 qnae
1621 2969 1839 3011 sequnntur,

279 3018 424 3056 minime
449 3019 495 3054 iis
519 3019 653 3055 similia
677 3020 763 3058 sint.
