1898 3418
719 161 1010 204 -23-

85 304 158 347 fiir
188 305 286 347 eine
318 303 482 347 andere
505 303 632 346 Stadt
663 303 1022 346 zurechtschnitt.
1073 304 1174 353 Qua
1204 302 1259 346 de
1280 316 1415 345 causa
1444 301 1641 344 Jordano

85 376 313 432 astipulor,
347 375 426 432 qui
458 375 668 418 lectiones
700 374 846 418 varias
878 378 921 416 et
958 373 1180 417 distichon
1217 373 1474 423 insiticium,
1513 372 1640 415 cuius

85 451 294 490 naturam
326 446 627 489 Reitzenstein
648 460 749 502 pag.
775 446 830 488 63
853 450 968 488 recte
1000 444 1210 488 describit
1240 445 1310 487 his
1341 443 1509 489 verbis:
1539 443 1642 486 »der

86 522 224 561 matte
240 518 401 560 Zusatz
414 518 515 569 τούς
537 515 740 572 οἷγαθοῦς
759 522 842 574 μὲν
864 519 1153 576 ἀτιμοτέρους,
1171 524 1347 568 κακίους
1356 517 1405 560 δὲ
1422 513 1640 569 λαχόντας

20 638 24 639 ⁷
84 595 212 647 τιμῆς
243 589 339 632 und
381 589 510 631 mehr
547 588 663 630 noch
706 588 784 630 der
825 588 860 630 F
862 588 1051 631 lickvers
1091 586 1319 646 μνηστεύω
1350 589 1387 631 δ’
1419 587 1467 631 ἐκ
1506 588 1641 631 κακοῦ

83 660 247 713 ἐσθλὸς
278 658 431 719 α’νῆρ«,
465 673 580 715 quae
612 660 779 716 optime
810 659 1096 702 consentiunt
1125 673 1230 702 cum
1259 659 1327 710 iis,
1360 672 1476 714 quae
1498 658 1642 700 Cauer

82 747 182 789 pag.
217 732 304 774 533
337 731 391 774 de
424 730 592 774 eisdem
625 730 827 774 versibus
857 730 1005 782 habet,
1039 730 1299 782 diorthotae,
1345 743 1480 786 quem
1520 728 1639 780 dicit,

82 803 248 846 tribuit.
322 803 422 845 Hoc
464 803 608 844 solum
647 802 811 844 addam
855 816 1036 845 versum
1080 802 1208 844 illum
1243 802 1473 859 μνηστεύω
1518 802 1555 845 δ’
1593 801 1641 845 ἐκ

86 875 224 920 κακοῦ
245 875 405 927 ἐσθλὸς
427 873 537 932 α’νήρ
563 873 691 916 facile
721 873 814 916 fieri
836 873 1033 929 potuisse
1050 887 1105 915 ex
1121 872 1420 928 Theognideis
1441 872 1642 914 189-90

82 954 157 991 καὶ
192 948 240 991 ἐκ
272 949 412 990 κακοῦ
433 947 593 995 ἐσθλὸς
624 944 791 1003 ἔγημεν,
816 953 889 989 καὶ
911 946 1042 995 κακὸς
1063 946 1113 997 ἐξ
1134 947 1327 1000 α’γαθοῦ,
1352 943 1472 1000 quod
1495 943 1642 986 adhuc

82 1018 201 1061 viros
233 1017 385 1060 doctos
418 1017 585 1073 fugisse
616 1016 803 1061 videtur.

224 1089 277 1131 In
317 1104 359 1132 v.
406 1089 594 1140 87-90,
637 1089 715 1144 qui
769 1092 870 1144 post
914 1088 1025 1131 1082
1070 1091 1344 1143 repetuntur,
1402 1087 1642 1143 posteriore

82 1161 177 1204 loco
210 1160 266 1203 ab
308 1160 622 1216 interpolatore
653 1159 700 1202 in
731 1174 771 1203 v.
807 1160 862 1202 87
906 1160 1157 1215 genuinum
1188 1158 1298 1224 ἄλλῃ
1330 1159 1378 1201 in
1411 1156 1560 1210 ἄλλας,
1594 1158 1641 1201 in

85 1247 127 1276 v.
150 1232 206 1274 89
222 1232 471 1288 genuinum
507 1232 532 1289 ἤ
561 1249 616 1288 με
648 1233 762 1289 φίλει
782 1231 829 1273 in
851 1229 967 1275 α’λλοέ
990 1233 1117 1288 φίλει,
1150 1231 1197 1273 in
1228 1246 1269 1274 v.
1294 1231 1351 1274 90
1372 1230 1642 1274 vocabulum

50 1294 57 1299 ⁵
82 1304 349 1346 inusitatum
384 1305 611 1361 ἀμφαδίην
642 1303 689 1345 in
721 1303 807 1345 vile.
839 1304 1065 1360 ἐμφανέως
1094 1306 1319 1345 mutatum
1350 1316 1444 1345 esse
1475 1301 1643 1345 Jordan

86 1380 203 1418 recte
233 1375 412 1426 iudicat,
446 1388 642 1431 quocum
673 1374 893 1416 consentit
924 1374 1067 1416 Cauer
1097 1388 1196 1430 pag.
1231 1374 1330 1416 535.
1347 1373 1376 1430 ¹)

231 1459 284 1502 V.
319 1459 403 1500 213
423 1459 522 1500 -18
555 1457 611 1500 ob
644 1472 743 1500 eam
775 1471 958 1500 causam
990 1457 1114 1513 digni
1147 1461 1263 1509 sunt,
1298 1471 1411 1513 quos
1442 1458 1641 1509 afferam,

82 1530 167 1587 qui
200 1530 337 1573 altero
369 1530 464 1572 loco
496 1545 538 1572 v.
576 1529 807 1572 1071—74
838 1529 1126 1585 interpolator
1165 1543 1245 1585 pro
1276 1534 1372 1574 τοτὲ
1405 1531 1441 1573 δ’
1475 1530 1644 1582 ἀλλοῖος

80 1603 189 1660 χρόα
221 1611 342 1657 γίνου
375 1601 550 1657 scripsit
579 1607 676 1645 τοτὲ
709 1603 745 1645 δ’
779 1602 949 1653 α’λλοῐος
980 1602 1112 1645 πέλεν
1144 1597 1287 1659 ἴργην,
1320 1600 1487 1656 quippe
1533 1600 1641 1656 quia

80 1673 350 1716 vocabulum
371 1672 479 1733 χρόα
498 1672 673 1715 omissis
695 1671 898 1715 versibus
916 1673 1119 1714 215—16
1136 1672 1332 1728 intellegi
1346 1686 1437 1714 non
1453 1675 1637 1728 poterat.

225 1757 279 1800 V.
313 1757 531 1808 415-18,
566 1756 719 1812 quales
752 1759 857 1798 sunt
887 1756 971 1798 hoc
1002 1755 1147 1811 priore
1178 1755 1286 1807 loco,
1320 1755 1487 1812 optime
1517 1755 1640 1798 intel-

81 1829 169 1885 legi
200 1831 401 1885 possunt,
435 1841 538 1870 cum
570 1827 725 1883 quales
757 1831 862 1870 sunt
894 1827 1134 1883 posteriore
1166 1827 1262 1869 loco
1303 1830 1404 1883 post
1434 1842 1474 1870 v.
1513 1827 1639 1878 1164,

84 1914 268 1943 sensum
299 1914 391 1942 non
422 1899 676 1956 praebeant.
742 1898 827 1941 Sed
872 1899 1057 1941 fortasse
1090 1898 1260 1940 Cauero
1307 1897 1640 1940 assentiendum

84 1976 162 2023 est,
197 1971 275 2027 qui
308 1985 408 2027 pag.
432 1971 518 2013 539
551 1971 576 2012 l.
602 1985 635 2012 c.
672 1970 777 2013 dicit
809 1971 1043 2013 lectionem
1075 1970 1234 2012 falsam
1262 1970 1642 2029 παρατριβόμενός

85 2063 129 2088 τε
172 2058 252 2100 pro
295 2047 630 2102 παρατρίβομαι
663 2039 816 2097 οῗστεῖ)
848 2041 1026 2084 librario
1077 2041 1359 2083 tribuendam
1408 2055 1516 2093 esse,
1563 2041 1642 2097 qui

86 2129 231 2158 errore
275 2114 323 2156 in
370 2114 592 2157 distichon
641 2114 853 2165 1105—6,
899 2113 1020 2169 quod
1064 2117 1129 2155 est
1160 2117 1310 2155 nostro
1349 2112 1640 2162 simillimum,

86 2185 311 2229 incideret.
375 2185 490 2228 Cum
507 2190 656 2227 autem
675 2199 775 2227 mea
791 2184 974 2241 quidem
992 2183 1211 2226 sententia
1228 2184 1360 2226 etiam
1378 2199 1418 2227 v.
1443 2184 1643 2226 1105—6

87 2257 141 2300 ad
177 2257 433 2314 exemplum
455 2271 667 2300 versuum
689 2257 893 2299 417—18
917 2270 943 2298 a
975 2255 1197 2298 diorthota
1218 2255 1292 2297 illo
1325 2255 1417 2298 sive
1450 2255 1643 2298 diasceu—

88 2333 185 2372 asta
225 2329 329 2371 facti
371 2328 472 2378 sint,
516 2328 624 2371 haec
672 2328 771 2384 ipsa
813 2327 902 2370 duo
947 2327 1136 2369 disticha
1179 2327 1347 2382 optimo
1379 2330 1643 2383 argumento

90 2405 207 2451 sunt,
240 2414 378 2456 quam
409 2404 573 2442 temere
594 2400 667 2442 ille
699 2399 833 2442 homo
860 2399 1080 2455 genuinos
1112 2412 1267 2441 versus
1299 2402 1454 2454 poetae
1485 2398 1642 2440 immu-

90 2472 261 2515 taverit.
325 2471 462 2514 Plane
494 2477 643 2514 autem
676 2470 898 2514 reicienda
959 2469 1069 2512 mihi
1111 2469 1288 2513 videtur
1319 2469 1644 2512 Schneidewini

237 2672 265 2718 ¹)
291 2673 396 2719 Quod
421 2672 500 2707 dico
518 2672 695 2707 Cancrum
723 2681 802 2706 cum
819 2671 980 2706 Jordano
999 2669 1211 2714 consentire,
1226 2680 1297 2704 non
1321 2668 1375 2704 ita
1398 2668 1644 2712 accipiendum

94 2739 161 2780 est,
186 2733 290 2778 quasi
316 2732 434 2768 Oauer
459 2742 598 2776 quoque
623 2730 743 2766 varias
768 2729 939 2765 lectiones
964 2728 1213 2772 interpolatori
1238 2728 1293 2763 illi
1318 2727 1471 2763 Jordani
1495 2727 1645 2765 tribuat.

93 2794 198 2830 Nihil
223 2792 321 2827 aliud
348 2791 466 2827 dicere
491 2791 570 2826 volo
595 2790 666 2825 nisi
693 2790 870 2826 Cauarum
897 2799 1036 2833 quoque
1061 2788 1231 2824 lectiones
1256 2786 1383 2832 prioris
1409 2787 1476 2822 loci
1514 2787 1646 2830 praefe-

94 2854 223 2889 rendas
249 2861 402 2887 censere.

238 2910 267 2956 ²)
291 2910 444 2947 leviores
480 2916 565 2946 sunt
601 2910 695 2945 aliae
734 2909 963 2944 diversitates
1001 2906 1111 2942 οὔτιν’
1153 2918 1216 2952 pro
1242 2905 1348 2940 οὐδέν
1374 2911 1410 2941 et
1435 2903 1527 2950 νόος,
1553 2906 1646 2952 quod

96 2973 206 3008 habet
230 2971 306 3007 cod.
333 2969 364 3006 Ο
389 2980 452 3014 pro
476 2968 594 3017 λόγος.
