<?xml version="1.0" encoding="UTF-8"?>
<!DOCTYPE html PUBLIC "-//W3C//DTD XHTML 1.0 Transitional//EN"
    "http://www.w3.org/TR/xhtml1/DTD/xhtml1-transitional.dtd">
<html xmlns="http://www.w3.org/1999/xhtml" xml:lang="en" lang="en">
 <head>
  <title>
</title>
<meta http-equiv="Content-Type" content="text/html;charset=utf-8" />
  <meta name='ocr-system' content='tesseract 3.04.00' />
  <meta name='ocr-capabilities' content='ocr_page ocr_carea ocr_par ocr_line ocrx_word'/>
</head>
<body>
  <div class='ocr_page' id='page_1' title='image "./quaeratiointerce00fresuoft_0021.png"; bbox 0 0 1898 3418; ppageno 0'>
   <div class='ocr_carea' id='block_1_1' title="bbox 637 171 963 233">
    <p class='ocr_par' dir='ltr' id='par_1_1' title="bbox 637 171 963 233">
     <span class='ocr_line' id='line_1_1' title="bbox 637 171 963 233; baseline -0.018 -15"><span class='ocrx_word' id='word_1_1' title='bbox 637 195 727 233; x_wconf 68' lang='lat'>‚-</span> <span class='ocrx_word' id='word_1_2' title='bbox 791 171 845 213; x_wconf 89' lang='lat'>13</span> <span class='ocrx_word' id='word_1_3' title='bbox 911 196 963 202; x_wconf 86' lang='lat'><em>-</em></span> 
     </span>
    </p>
   </div>
   <div class='ocr_carea' id='block_1_2' title="bbox 0 301 1593 1780">
    <p class='ocr_par' dir='ltr' id='par_1_2' title="bbox 0 301 1593 1780">
     <span class='ocr_line' id='line_1_2' title="bbox 39 301 1586 360; baseline -0.001 -16"><span class='ocrx_word' id='word_1_4' title='bbox 39 301 232 360; x_wconf 80' lang='grc' dir='ltr'><strong>,,Κύρνε“</strong></span> <span class='ocrx_word' id='word_1_5' title='bbox 265 301 312 344; x_wconf 90' lang='grc'>111</span> <span class='ocrx_word' id='word_1_6' title='bbox 334 315 544 345; x_wconf 88' lang='lat' dir='ltr'>versuum</span> <span class='ocrx_word' id='word_1_7' title='bbox 567 315 821 344; x_wconf 84' lang='lat' dir='ltr'>connexum</span> <span class='ocrx_word' id='word_1_8' title='bbox 844 305 1020 357; x_wconf 88' lang='lat' dir='ltr'>recepta</span> <span class='ocrx_word' id='word_1_9' title='bbox 1039 315 1113 343; x_wconf 90' lang='grc'>603</span> <span class='ocrx_word' id='word_1_10' title='bbox 1134 315 1289 344; x_wconf 91' lang='lat' dir='ltr'>versus</span> <span class='ocrx_word' id='word_1_11' title='bbox 1321 314 1347 343; x_wconf 89' lang='lat' dir='ltr'>a</span> <span class='ocrx_word' id='word_1_12' title='bbox 1379 314 1424 342; x_wconf 89' lang='lat' dir='ltr'>se</span> <span class='ocrx_word' id='word_1_13' title='bbox 1446 301 1586 342; x_wconf 85' lang='lat' dir='ltr'>factos</span> 
     </span>
     <span class='ocr_line' id='line_1_3' title="bbox 37 372 1586 429; baseline -0.001 -14"><span class='ocrx_word' id='word_1_14' title='bbox 37 385 132 415; x_wconf 86' lang='lat' dir='ltr'>esse</span> <span class='ocrx_word' id='word_1_15' title='bbox 170 372 418 429; x_wconf 86' lang='lat' dir='ltr'>significare</span> <span class='ocrx_word' id='word_1_16' title='bbox 449 372 654 424; x_wconf 85' lang='lat' dir='ltr'>voluisse,</span> <span class='ocrx_word' id='word_1_17' title='bbox 688 386 790 415; x_wconf 90' lang='lat' dir='ltr'>cum</span> <span class='ocrx_word' id='word_1_18' title='bbox 829 373 1016 415; x_wconf 84' lang='lat' dir='ltr'>afferent</span> <span class='ocrx_word' id='word_1_19' title='bbox 1046 387 1086 415; x_wconf 91' lang='lat' dir='ltr'>v.</span> <span class='ocrx_word' id='word_1_20' title='bbox 1127 372 1178 414; x_wconf 88' lang='grc'>19</span> <span class='ocrx_word' id='word_1_21' title='bbox 1197 386 1253 421; x_wconf 86' lang='grc'>33,</span> <span class='ocrx_word' id='word_1_22' title='bbox 1287 385 1399 428; x_wconf 90' lang='lat' dir='ltr'>quos</span> <span class='ocrx_word' id='word_1_23' title='bbox 1430 385 1586 414; x_wconf 85' lang='lat' dir='ltr'>versus</span> 
     </span>
     <span class='ocr_line' id='line_1_4' title="bbox 0 441 1587 502; baseline -0.001 -17"><span class='ocrx_word' id='word_1_24' title='bbox 0 499 2 502; x_wconf 14' lang='grc' dir='ltr'><strong>Υ</strong></span> <span class='ocrx_word' id='word_1_25' title='bbox 36 442 99 485; x_wconf 88' lang='lat' dir='ltr'>ita</span> <span class='ocrx_word' id='word_1_26' title='bbox 128 443 192 486; x_wconf 90' lang='lat' dir='ltr'>illi</span> <span class='ocrx_word' id='word_1_27' title='bbox 221 443 496 500; x_wconf 85' lang='lat' dir='ltr'>interpretati</span> <span class='ocrx_word' id='word_1_28' title='bbox 540 447 657 495; x_wconf 86' lang='lat' dir='ltr'>sunt,</span> <span class='ocrx_word' id='word_1_29' title='bbox 703 448 753 485; x_wconf 89' lang='lat' dir='ltr'>ut</span> <span class='ocrx_word' id='word_1_30' title='bbox 793 443 990 486; x_wconf 77' lang='lat' dir='ltr'>dicerent</span> <span class='ocrx_word' id='word_1_31' title='bbox 1021 442 1289 486; x_wconf 89' lang='lat' dir='ltr'>vocabulum</span> <span class='ocrx_word' id='word_1_32' title='bbox 1322 441 1461 502; x_wconf 81' lang='grc' dir='ltr'><em>Κύρνε</em></span> <span class='ocrx_word' id='word_1_33' title='bbox 1493 456 1587 484; x_wconf 85' lang='grc'><strong>6336</strong></span> 
     </span>
     <span class='ocr_line' id='line_1_5' title="bbox 36 513 1584 571; baseline -0.001 -14"><span class='ocrx_word' id='word_1_34' title='bbox 36 513 147 571; x_wconf 73' lang='lat' dir='ltr'>illud</span> <span class='ocrx_word' id='word_1_35' title='bbox 178 515 386 571; x_wconf 83' lang='lat' dir='ltr'>sigillum,</span> <span class='ocrx_word' id='word_1_36' title='bbox 419 513 541 571; x_wconf 92' lang='lat' dir='ltr'>quod</span> <span class='ocrx_word' id='word_1_37' title='bbox 571 518 702 570; x_wconf 87' lang='lat' dir='ltr'>poeta</span> <span class='ocrx_word' id='word_1_38' title='bbox 732 514 934 557; x_wconf 88' lang='lat' dir='ltr'>versibus</span> <span class='ocrx_word' id='word_1_39' title='bbox 972 514 1262 570; x_wconf 79' lang='lat' dir='ltr'>impositurus</span> <span class='ocrx_word' id='word_1_40' title='bbox 1307 514 1373 556; x_wconf 89' lang='lat' dir='ltr'>sit.</span> <span class='ocrx_word' id='word_1_41' title='bbox 1439 514 1584 564; x_wconf 92' lang='lat' dir='ltr'>Quam</span> 
     </span>
     <span class='ocr_line' id='line_1_6' title="bbox 38 584 1587 648; baseline -0.001 -20"><span class='ocrx_word' id='word_1_42' title='bbox 38 585 304 648; x_wconf 80' lang='lat' dir='ltr'>sententiam</span> <span class='ocrx_word' id='word_1_43' title='bbox 334 590 573 642; x_wconf 79' lang='lat' dir='ltr'>postquam</span> <span class='ocrx_word' id='word_1_44' title='bbox 603 585 776 641; x_wconf 89' lang='lat' dir='ltr'>primus</span> <span class='ocrx_word' id='word_1_45' title='bbox 797 585 1078 641; x_wconf 87' lang='lat' dir='ltr'>Hartungius</span> <span class='ocrx_word' id='word_1_46' title='bbox 1100 585 1295 641; x_wconf 89' lang='lat' dir='ltr'>protulit,</span> <span class='ocrx_word' id='word_1_47' title='bbox 1328 585 1402 627; x_wconf 92' lang='lat' dir='ltr'>alii</span> <span class='ocrx_word' id='word_1_48' title='bbox 1434 584 1587 641; x_wconf 90' lang='lat' dir='ltr'>proba-</span> 
     </span>
     <span class='ocr_line' id='line_1_7' title="bbox 37 655 1585 712; baseline -0.001 -12"><span class='ocrx_word' id='word_1_49' title='bbox 37 661 210 707; x_wconf 85' lang='lat' dir='ltr'>verunt,</span> <span class='ocrx_word' id='word_1_50' title='bbox 242 657 291 698; x_wconf 91' lang='lat' dir='ltr'>in</span> <span class='ocrx_word' id='word_1_51' title='bbox 322 655 486 712; x_wconf 90' lang='lat' dir='ltr'>quibus</span> <span class='ocrx_word' id='word_1_52' title='bbox 518 660 584 699; x_wconf 90' lang='lat' dir='ltr'>est</span> <span class='ocrx_word' id='word_1_53' title='bbox 615 656 836 708; x_wconf 82' lang='lat' dir='ltr'>Sitzlerus,</span> <span class='ocrx_word' id='word_1_54' title='bbox 870 657 949 712; x_wconf 89' lang='lat' dir='ltr'>qui</span> <span class='ocrx_word' id='word_1_55' title='bbox 979 657 1026 698; x_wconf 89' lang='lat' dir='ltr'>in</span> <span class='ocrx_word' id='word_1_56' title='bbox 1058 656 1250 699; x_wconf 82' lang='lat' dir='ltr'>editione</span> <span class='ocrx_word' id='word_1_57' title='bbox 1282 670 1363 699; x_wconf 88' lang='lat' dir='ltr'>sua</span> <span class='ocrx_word' id='word_1_58' title='bbox 1394 655 1585 712; x_wconf 87' lang='lat' dir='ltr'>scripsit;</span> 
     </span>
     <span class='ocr_line' id='line_1_8' title="bbox 39 727 1587 788; baseline -0.002 -17"><span class='ocrx_word' id='word_1_59' title='bbox 39 729 231 788; x_wconf 44' lang='lat' dir='ltr'>„lsi-qv&amp;</span> <span class='ocrx_word' id='word_1_60' title='bbox 274 728 536 787; x_wconf 76' lang='grc' dir='ltr'><strong><em>σοφιζομένῳ</em></strong></span> <span class='ocrx_word' id='word_1_61' title='bbox 579 742 614 770; x_wconf 93' lang='grc'>6.</span> <span class='ocrx_word' id='word_1_62' title='bbox 657 743 699 784; x_wconf 91' lang='lat' dir='ltr'>q.</span> <span class='ocrx_word' id='word_1_63' title='bbox 746 742 776 771; x_wconf 94' lang='lat' dir='ltr'>s.</span> <span class='ocrx_word' id='word_1_64' title='bbox 843 727 1017 778; x_wconf 81' lang='lat' dir='ltr'>Quibus</span> <span class='ocrx_word' id='word_1_65' title='bbox 1055 727 1315 771; x_wconf 84' lang='lat' dir='ltr'>adversatur</span> <span class='ocrx_word' id='word_1_66' title='bbox 1358 727 1502 770; x_wconf 90' lang='lat' dir='ltr'>Hiller</span> <span class='ocrx_word' id='word_1_67' title='bbox 1540 727 1587 769; x_wconf 89' lang='lat' dir='ltr'>in</span> 
     </span>
     <span class='ocr_line' id='line_1_9' title="bbox 37 798 1588 855; baseline 0 -15"><span class='ocrx_word' id='word_1_68' title='bbox 37 798 185 841; x_wconf 87' lang='lat' dir='ltr'>annal.</span> <span class='ocrx_word' id='word_1_69' title='bbox 218 798 326 855; x_wconf 88' lang='lat' dir='ltr'>phil.</span> <span class='ocrx_word' id='word_1_70' title='bbox 353 799 461 840; x_wconf 87' lang='lat'>1881</span> <span class='ocrx_word' id='word_1_71' title='bbox 496 813 595 855; x_wconf 87' lang='lat' dir='ltr'>pag.</span> <span class='ocrx_word' id='word_1_72' title='bbox 620 799 720 850; x_wconf 80' lang='lat'>472,</span> <span class='ocrx_word' id='word_1_73' title='bbox 754 798 830 841; x_wconf 91' lang='lat' dir='ltr'>ubi</span> <span class='ocrx_word' id='word_1_74' title='bbox 863 799 1137 841; x_wconf 89' lang='lat' dir='ltr'>demonstrat</span> <span class='ocrx_word' id='word_1_75' title='bbox 1168 799 1378 855; x_wconf 85' lang='lat' dir='ltr'>sigillum,</span> <span class='ocrx_word' id='word_1_76' title='bbox 1411 798 1465 841; x_wconf 90' lang='lat' dir='ltr'>de</span> <span class='ocrx_word' id='word_1_77' title='bbox 1498 812 1588 854; x_wconf 90' lang='lat' dir='ltr'>quo</span> 
     </span>
     <span class='ocr_line' id='line_1_10' title="bbox 37 869 1589 926; baseline 0 -14"><span class='ocrx_word' id='word_1_78' title='bbox 37 874 169 926; x_wconf 85' lang='lat' dir='ltr'>poeta</span> <span class='ocrx_word' id='word_1_79' title='bbox 184 869 381 926; x_wconf 89' lang='lat' dir='ltr'>loquitur</span> <span class='ocrx_word' id='word_1_80' title='bbox 411 884 505 912; x_wconf 90' lang='grc'><strong>6336</strong></span> <span class='ocrx_word' id='word_1_81' title='bbox 536 884 701 913; x_wconf 90' lang='lat' dir='ltr'>nomen</span> <span class='ocrx_word' id='word_1_82' title='bbox 723 870 995 926; x_wconf 81' lang='lat' dir='ltr'>Theognidis</span> <span class='ocrx_word' id='word_1_83' title='bbox 1025 870 1179 926; x_wconf 87' lang='lat' dir='ltr'>ipsius.</span> <span class='ocrx_word' id='word_1_84' title='bbox 1214 871 1339 920; x_wconf 89' lang='lat' dir='ltr'>Quae</span> <span class='ocrx_word' id='word_1_85' title='bbox 1371 870 1589 912; x_wconf 85' lang='lat' dir='ltr'>sententia</span> 
     </span>
     <span class='ocr_line' id='line_1_11' title="bbox 38 940 1588 997; baseline -0.001 -14"><span class='ocrx_word' id='word_1_86' title='bbox 38 954 315 997; x_wconf 88' lang='lat' dir='ltr'>quamquam</span> <span class='ocrx_word' id='word_1_87' title='bbox 345 941 457 983; x_wconf 89' lang='lat' dir='ltr'>mihi</span> <span class='ocrx_word' id='word_1_88' title='bbox 488 955 667 997; x_wconf 87' lang='lat' dir='ltr'>quoque</span> <span class='ocrx_word' id='word_1_89' title='bbox 698 941 929 997; x_wconf 87' lang='lat' dir='ltr'>probanda</span> <span class='ocrx_word' id='word_1_90' title='bbox 959 955 1053 984; x_wconf 88' lang='grc'><strong>6336</strong></span> <span class='ocrx_word' id='word_1_91' title='bbox 1083 940 1271 993; x_wconf 88' lang='lat' dir='ltr'>videtur,</span> <span class='ocrx_word' id='word_1_92' title='bbox 1316 945 1464 983; x_wconf 89' lang='lat' dir='ltr'>tamen</span> <span class='ocrx_word' id='word_1_93' title='bbox 1497 955 1588 983; x_wconf 89' lang='lat' dir='ltr'>non</span> 
     </span>
     <span class='ocr_line' id='line_1_12' title="bbox 37 1011 1590 1069; baseline 0 -15"><span class='ocrx_word' id='word_1_94' title='bbox 37 1012 188 1054; x_wconf 90' lang='lat' dir='ltr'>minus</span> <span class='ocrx_word' id='word_1_95' title='bbox 220 1011 276 1055; x_wconf 92' lang='lat' dir='ltr'>ob</span> <span class='ocrx_word' id='word_1_96' title='bbox 298 1026 454 1055; x_wconf 84' lang='lat' dir='ltr'>causas</span> <span class='ocrx_word' id='word_1_97' title='bbox 487 1027 622 1068; x_wconf 87' lang='lat' dir='ltr'>supra</span> <span class='ocrx_word' id='word_1_98' title='bbox 644 1012 797 1055; x_wconf 89' lang='lat' dir='ltr'>allatas</span> <span class='ocrx_word' id='word_1_99' title='bbox 820 1027 974 1055; x_wconf 90' lang='lat' dir='ltr'>omnes</span> <span class='ocrx_word' id='word_1_100' title='bbox 997 1012 1172 1068; x_wconf 87' lang='lat' dir='ltr'>elegias,</span> <span class='ocrx_word' id='word_1_101' title='bbox 1204 1012 1252 1054; x_wconf 91' lang='lat' dir='ltr'>in</span> <span class='ocrx_word' id='word_1_102' title='bbox 1285 1011 1449 1069; x_wconf 90' lang='lat' dir='ltr'>quibus</span> <span class='ocrx_word' id='word_1_103' title='bbox 1479 1012 1590 1055; x_wconf 90' lang='lat' dir='ltr'>haec</span> 
     </span>
     <span class='ocr_line' id='line_1_13' title="bbox 39 1083 1590 1140; baseline -0.001 -14"><span class='ocrx_word' id='word_1_104' title='bbox 39 1083 175 1140; x_wconf 86' lang='lat' dir='ltr'>Cyrni</span> <span class='ocrx_word' id='word_1_105' title='bbox 191 1083 428 1140; x_wconf 79' lang='lat' dir='ltr'>appellatio</span> <span class='ocrx_word' id='word_1_106' title='bbox 445 1083 646 1135; x_wconf 85' lang='lat' dir='ltr'>occurrit,</span> <span class='ocrx_word' id='word_1_107' title='bbox 665 1083 937 1140; x_wconf 87' lang='lat' dir='ltr'>Theognidis</span> <span class='ocrx_word' id='word_1_108' title='bbox 954 1098 1048 1126; x_wconf 91' lang='lat' dir='ltr'>esse</span> <span class='ocrx_word' id='word_1_109' title='bbox 1080 1084 1284 1126; x_wconf 82' lang='lat' dir='ltr'>existimo</span> <span class='ocrx_word' id='word_1_110' title='bbox 1309 1087 1352 1126; x_wconf 89' lang='lat' dir='ltr'>et</span> <span class='ocrx_word' id='word_1_111' title='bbox 1368 1083 1590 1126; x_wconf 88' lang='lat' dir='ltr'>reicienda</span> 
     </span>
     <span class='ocr_line' id='line_1_14' title="bbox 38 1153 1586 1212; baseline 0 -16"><span class='ocrx_word' id='word_1_112' title='bbox 38 1154 151 1196; x_wconf 92' lang='lat' dir='ltr'>mihi</span> <span class='ocrx_word' id='word_1_113' title='bbox 173 1153 350 1198; x_wconf 86' lang='lat' dir='ltr'>videtur</span> <span class='ocrx_word' id='word_1_114' title='bbox 370 1154 520 1210; x_wconf 91' lang='lat' dir='ltr'>opinio</span> <span class='ocrx_word' id='word_1_115' title='bbox 542 1169 708 1206; x_wconf 90' lang='lat' dir='ltr'>eorum,</span> <span class='ocrx_word' id='word_1_116' title='bbox 742 1154 820 1212; x_wconf 90' lang='lat' dir='ltr'>qui</span> <span class='ocrx_word' id='word_1_117' title='bbox 842 1159 891 1196; x_wconf 92' lang='lat' dir='ltr'>ut</span> <span class='ocrx_word' id='word_1_118' title='bbox 912 1154 959 1196; x_wconf 88' lang='lat' dir='ltr'>F.</span> <span class='ocrx_word' id='word_1_119' title='bbox 985 1154 1216 1197; x_wconf 89' lang='lat' dir='ltr'>Nietzsche</span> <span class='ocrx_word' id='word_1_120' title='bbox 1238 1155 1283 1196; x_wconf 88' lang='lat' dir='ltr'>in</span> <span class='ocrx_word' id='word_1_121' title='bbox 1307 1155 1420 1197; x_wconf 91' lang='lat' dir='ltr'>Mus.</span> <span class='ocrx_word' id='word_1_122' title='bbox 1444 1154 1586 1197; x_wconf 89' lang='lat' dir='ltr'>Rhen.</span> 
     </span>
     <span class='ocr_line' id='line_1_15' title="bbox 39 1225 1593 1282; baseline -0.001 -13"><span class='ocrx_word' id='word_1_123' title='bbox 39 1225 125 1269; x_wconf 85' lang='lat' dir='ltr'>vol.</span> <span class='ocrx_word' id='word_1_124' title='bbox 147 1225 283 1268; x_wconf 92' lang='lat' dir='ltr'>XXII</span> <span class='ocrx_word' id='word_1_125' title='bbox 314 1239 412 1281; x_wconf 87' lang='lat' dir='ltr'>pag.</span> <span class='ocrx_word' id='word_1_126' title='bbox 442 1226 524 1268; x_wconf 89' lang='lat'>186</span> <span class='ocrx_word' id='word_1_127' title='bbox 550 1230 711 1281; x_wconf 88' lang='lat' dir='ltr'>putant</span> <span class='ocrx_word' id='word_1_128' title='bbox 730 1239 892 1268; x_wconf 90' lang='lat' dir='ltr'>nomen</span> <span class='ocrx_word' id='word_1_129' title='bbox 918 1225 1054 1282; x_wconf 86' lang='lat' dir='ltr'>Cyrni</span> <span class='ocrx_word' id='word_1_130' title='bbox 1085 1225 1141 1268; x_wconf 91' lang='lat' dir='ltr'>ab</span> <span class='ocrx_word' id='word_1_131' title='bbox 1173 1240 1224 1268; x_wconf 92' lang='lat' dir='ltr'>eo</span> <span class='ocrx_word' id='word_1_132' title='bbox 1257 1226 1334 1281; x_wconf 92' lang='lat' dir='ltr'>qui</span> <span class='ocrx_word' id='word_1_133' title='bbox 1365 1225 1527 1268; x_wconf 89' lang='lat' dir='ltr'>librum</span> <span class='ocrx_word' id='word_1_134' title='bbox 1551 1231 1593 1268; x_wconf 91' lang='lat' dir='ltr'><em>B</em></span> 
     </span>
     <span class='ocr_line' id='line_1_16' title="bbox 39 1296 1590 1353; baseline 0 -14"><span class='ocrx_word' id='word_1_135' title='bbox 39 1296 360 1353; x_wconf 79' lang='lat' dir='ltr'>conscripserit,</span> <span class='ocrx_word' id='word_1_136' title='bbox 392 1297 559 1353; x_wconf 87' lang='lat' dir='ltr'>insigni</span> <span class='ocrx_word' id='word_1_137' title='bbox 600 1296 796 1353; x_wconf 87' lang='lat' dir='ltr'>quadam</span> <span class='ocrx_word' id='word_1_138' title='bbox 838 1296 1113 1353; x_wconf 78' lang='lat' dir='ltr'>malignitate</span> <span class='ocrx_word' id='word_1_139' title='bbox 1151 1296 1369 1339; x_wconf 87' lang='lat' dir='ltr'>insertum</span> <span class='ocrx_word' id='word_1_140' title='bbox 1413 1310 1506 1339; x_wconf 90' lang='lat' dir='ltr'>esse</span> <span class='ocrx_word' id='word_1_141' title='bbox 1542 1297 1590 1338; x_wconf 91' lang='lat' dir='ltr'>in</span> 
     </span>
     <span class='ocr_line' id='line_1_17' title="bbox 39 1367 1590 1424; baseline 0 -14"><span class='ocrx_word' id='word_1_142' title='bbox 39 1371 297 1410; x_wconf 84' lang='lat' dir='ltr'>contextum</span> <span class='ocrx_word' id='word_1_143' title='bbox 318 1367 570 1419; x_wconf 90' lang='lat' dir='ltr'>verborum,</span> <span class='ocrx_word' id='word_1_144' title='bbox 605 1367 818 1424; x_wconf 85' lang='lat' dir='ltr'>quoniam</span> <span class='ocrx_word' id='word_1_145' title='bbox 841 1367 1024 1410; x_wconf 91' lang='lat' dir='ltr'>omnino</span> <span class='ocrx_word' id='word_1_146' title='bbox 1055 1382 1146 1410; x_wconf 92' lang='lat' dir='ltr'>non</span> <span class='ocrx_word' id='word_1_147' title='bbox 1178 1367 1232 1410; x_wconf 93' lang='lat' dir='ltr'>de</span> <span class='ocrx_word' id='word_1_148' title='bbox 1263 1367 1448 1423; x_wconf 86' lang='lat' dir='ltr'>parodia</span> <span class='ocrx_word' id='word_1_149' title='bbox 1478 1368 1590 1424; x_wconf 88' lang='lat' dir='ltr'>cogi-</span> 
     </span>
     <span class='ocr_line' id='line_1_18' title="bbox 39 1438 1591 1495; baseline -0.001 -14"><span class='ocrx_word' id='word_1_150' title='bbox 39 1438 228 1481; x_wconf 89' lang='lat' dir='ltr'>tandum</span> <span class='ocrx_word' id='word_1_151' title='bbox 280 1453 374 1481; x_wconf 93' lang='grc'><strong>6336</strong></span> <span class='ocrx_word' id='word_1_152' title='bbox 426 1439 517 1481; x_wconf 87' lang='grc'><strong>13111</strong></span> <span class='ocrx_word' id='word_1_153' title='bbox 560 1453 696 1495; x_wconf 84' lang='lat' dir='ltr'>supra</span> <span class='ocrx_word' id='word_1_154' title='bbox 740 1453 839 1495; x_wconf 89' lang='lat' dir='ltr'>pag.</span> <span class='ocrx_word' id='word_1_155' title='bbox 883 1440 910 1481; x_wconf 83' lang='lat'>5</span> <span class='ocrx_word' id='word_1_156' title='bbox 929 1453 949 1481; x_wconf 89' lang='lat' dir='ltr'>s</span> <span class='ocrx_word' id='word_1_157' title='bbox 996 1438 1308 1482; x_wconf 88' lang='lat' dir='ltr'>demonstravi.</span> <span class='ocrx_word' id='word_1_158' title='bbox 1373 1438 1591 1481; x_wconf 88' lang='lat' dir='ltr'>Videmus</span> 
     </span>
     <span class='ocr_line' id='line_1_19' title="bbox 39 1509 1591 1566; baseline -0.001 -14"><span class='ocrx_word' id='word_1_159' title='bbox 39 1509 176 1566; x_wconf 85' lang='lat' dir='ltr'>igitur</span> <span class='ocrx_word' id='word_1_160' title='bbox 205 1509 321 1552; x_wconf 93' lang='grc'><strong>113110</strong></span> <span class='ocrx_word' id='word_1_161' title='bbox 353 1524 490 1552; x_wconf 86' lang='grc'><strong>11113111</strong></span> <span class='ocrx_word' id='word_1_162' title='bbox 512 1513 628 1552; x_wconf 89' lang='lat' dir='ltr'>certe</span> <span class='ocrx_word' id='word_1_163' title='bbox 660 1510 846 1566; x_wconf 88' lang='lat' dir='ltr'>elegiam</span> <span class='ocrx_word' id='word_1_164' title='bbox 868 1509 967 1552; x_wconf 90' lang='lat' dir='ltr'>libri</span> <span class='ocrx_word' id='word_1_165' title='bbox 990 1516 1032 1552; x_wconf 91' lang='lat' dir='ltr'><em>B</em></span> <span class='ocrx_word' id='word_1_166' title='bbox 1051 1524 1205 1552; x_wconf 91' lang='lat' dir='ltr'>versus</span> <span class='ocrx_word' id='word_1_167' title='bbox 1241 1510 1470 1552; x_wconf 76' lang='lat'>1353—56</span> <span class='ocrx_word' id='word_1_168' title='bbox 1493 1524 1591 1552; x_wconf 89' lang='lat' dir='ltr'>con—</span> 
     </span>
     <span class='ocr_line' id='line_1_20' title="bbox 43 1580 1593 1636; baseline -0.001 -13"><span class='ocrx_word' id='word_1_169' title='bbox 43 1581 259 1623; x_wconf 89' lang='lat' dir='ltr'>tinentem</span> <span class='ocrx_word' id='word_1_170' title='bbox 303 1580 585 1623; x_wconf 87' lang='lat' dir='ltr'>tribuendam</span> <span class='ocrx_word' id='word_1_171' title='bbox 632 1595 726 1623; x_wconf 89' lang='lat' dir='ltr'>esse</span> <span class='ocrx_word' id='word_1_172' title='bbox 763 1580 1024 1636; x_wconf 87' lang='lat' dir='ltr'>Theognidi.</span> <span class='ocrx_word' id='word_1_173' title='bbox 1102 1580 1189 1623; x_wconf 84' lang='lat' dir='ltr'>Sed</span> <span class='ocrx_word' id='word_1_174' title='bbox 1235 1581 1467 1623; x_wconf 82' lang='lat' dir='ltr'>intercedit</span> <span class='ocrx_word' id='word_1_175' title='bbox 1506 1581 1593 1623; x_wconf 88' lang='lat' dir='ltr'>alia</span> 
     </span>
     <span class='ocr_line' id='line_1_21' title="bbox 44 1651 1592 1709; baseline 0 -15"><span class='ocrx_word' id='word_1_176' title='bbox 44 1666 224 1709; x_wconf 91' lang='lat' dir='ltr'>quoque</span> <span class='ocrx_word' id='word_1_177' title='bbox 255 1651 497 1695; x_wconf 81' lang='lat' dir='ltr'>similitudo</span> <span class='ocrx_word' id='word_1_178' title='bbox 527 1652 643 1694; x_wconf 89' lang='lat' dir='ltr'>inter</span> <span class='ocrx_word' id='word_1_179' title='bbox 673 1651 786 1694; x_wconf 89' lang='lat' dir='ltr'>duos</span> <span class='ocrx_word' id='word_1_180' title='bbox 817 1656 990 1694; x_wconf 88' lang='lat' dir='ltr'>nostros</span> <span class='ocrx_word' id='word_1_181' title='bbox 1012 1651 1158 1703; x_wconf 89' lang='lat' dir='ltr'>libros,</span> <span class='ocrx_word' id='word_1_182' title='bbox 1191 1666 1328 1708; x_wconf 88' lang='lat' dir='ltr'>quam</span> <span class='ocrx_word' id='word_1_183' title='bbox 1359 1652 1447 1694; x_wconf 90' lang='lat' dir='ltr'>iam</span> <span class='ocrx_word' id='word_1_184' title='bbox 1471 1666 1592 1694; x_wconf 91' lang='lat' dir='ltr'>nunc</span> 
     </span>
     <span class='ocr_line' id='line_1_22' title="bbox 44 1723 286 1780; baseline 0 -14"><span class='ocrx_word' id='word_1_185' title='bbox 44 1723 286 1780; x_wconf 81' lang='lat' dir='ltr'>explicabo.</span> 
     </span>
    </p>
   </div>
   <div class='ocr_carea' id='block_1_3' title="bbox 12 1818 1593 2231">
    <p class='ocr_par' dir='ltr' id='par_1_3' title="bbox 12 1818 1593 2231">
     <span class='ocr_line' id='line_1_23' title="bbox 185 1818 1592 1875; baseline -0.001 -14"><span class='ocrx_word' id='word_1_186' title='bbox 185 1818 484 1863; x_wconf 88' lang='lat' dir='ltr'>Inveniuntur</span> <span class='ocrx_word' id='word_1_187' title='bbox 493 1818 541 1860; x_wconf 90' lang='grc'>111</span> <span class='ocrx_word' id='word_1_188' title='bbox 552 1818 720 1862; x_wconf 86' lang='lat' dir='ltr'>libroA</span> <span class='ocrx_word' id='word_1_189' title='bbox 740 1818 944 1861; x_wconf 89' lang='lat' dir='ltr'>nonnulli</span> <span class='ocrx_word' id='word_1_190' title='bbox 966 1832 1133 1870; x_wconf 90' lang='lat' dir='ltr'>versus,</span> <span class='ocrx_word' id='word_1_191' title='bbox 1157 1832 1269 1874; x_wconf 91' lang='lat' dir='ltr'>quos</span> <span class='ocrx_word' id='word_1_192' title='bbox 1291 1832 1318 1861; x_wconf 89' lang='lat' dir='ltr'>a</span> <span class='ocrx_word' id='word_1_193' title='bbox 1333 1818 1592 1875; x_wconf 84' lang='lat' dir='ltr'>Theognide</span> 
     </span>
     <span class='ocr_line' id='line_1_24' title="bbox 45 1889 1592 1945; baseline -0.001 -12"><span class='ocrx_word' id='word_1_194' title='bbox 45 1905 138 1933; x_wconf 91' lang='lat' dir='ltr'>non</span> <span class='ocrx_word' id='word_1_195' title='bbox 168 1891 307 1933; x_wconf 80' lang='lat' dir='ltr'>factos</span> <span class='ocrx_word' id='word_1_196' title='bbox 339 1904 433 1933; x_wconf 90' lang='grc'><strong>6336</strong></span> <span class='ocrx_word' id='word_1_197' title='bbox 465 1890 706 1933; x_wconf 87' lang='lat' dir='ltr'>certissime</span> <span class='ocrx_word' id='word_1_198' title='bbox 738 1894 921 1940; x_wconf 86' lang='lat' dir='ltr'>constat,</span> <span class='ocrx_word' id='word_1_199' title='bbox 955 1890 1063 1932; x_wconf 89' lang='lat' dir='ltr'>alios</span> <span class='ocrx_word' id='word_1_200' title='bbox 1092 1889 1335 1945; x_wconf 89' lang='lat' dir='ltr'>permultos</span> <span class='ocrx_word' id='word_1_201' title='bbox 1360 1890 1444 1932; x_wconf 90' lang='lat' dir='ltr'>viri</span> <span class='ocrx_word' id='word_1_202' title='bbox 1476 1889 1592 1932; x_wconf 88' lang='lat' dir='ltr'>docti</span> 
     </span>
     <span class='ocr_line' id='line_1_25' title="bbox 45 1954 1591 2018; baseline -0.001 -14"><span class='ocrx_word' id='word_1_203' title='bbox 45 1966 226 2018; x_wconf 90' lang='lat' dir='ltr'>propter</span> <span class='ocrx_word' id='word_1_204' title='bbox 245 1965 509 2018; x_wconf 89' lang='lat' dir='ltr'>argumenta</span> <span class='ocrx_word' id='word_1_205' title='bbox 530 1961 601 2005; x_wconf 93' lang='lat' dir='ltr'>vel</span> <span class='ocrx_word' id='word_1_206' title='bbox 622 1960 860 2004; x_wconf 89' lang='lat' dir='ltr'>verborum</span> <span class='ocrx_word' id='word_1_207' title='bbox 883 1975 1028 2011; x_wconf 90' lang='lat' dir='ltr'>usum,</span> <span class='ocrx_word' id='word_1_208' title='bbox 1051 1961 1122 2004; x_wconf 89' lang='lat' dir='ltr'>vel</span> <span class='ocrx_word' id='word_1_209' title='bbox 1143 1954 1359 2002; x_wconf 88' lang='lat' dir='ltr'>rationem</span> <span class='ocrx_word' id='word_1_210' title='bbox 1381 1975 1591 2003; x_wconf 87' lang='lat' dir='ltr'>versuum</span> 
     </span>
     <span class='ocr_line' id='line_1_26' title="bbox 46 2031 1593 2089; baseline -0.001 -14"><span class='ocrx_word' id='word_1_211' title='bbox 46 2032 455 2089; x_wconf 90' lang='lat' dir='ltr'>componendorum</span> <span class='ocrx_word' id='word_1_212' title='bbox 494 2032 668 2088; x_wconf 90' lang='lat' dir='ltr'>spurios</span> <span class='ocrx_word' id='word_1_213' title='bbox 713 2046 806 2074; x_wconf 91' lang='lat' dir='ltr'>esse</span> <span class='ocrx_word' id='word_1_214' title='bbox 855 2031 1065 2087; x_wconf 89' lang='lat' dir='ltr'>suspicati</span> <span class='ocrx_word' id='word_1_215' title='bbox 1107 2036 1222 2074; x_wconf 87' lang='lat' dir='ltr'>sunt.</span> <span class='ocrx_word' id='word_1_216' title='bbox 1286 2031 1372 2073; x_wconf 85' lang='lat' dir='ltr'>Sed</span> <span class='ocrx_word' id='word_1_217' title='bbox 1404 2045 1506 2074; x_wconf 89' lang='lat' dir='ltr'>cum</span> <span class='ocrx_word' id='word_1_218' title='bbox 1539 2031 1593 2074; x_wconf 93' lang='lat' dir='ltr'>de</span> 
     </span>
     <span class='ocr_line' id='line_1_27' title="bbox 46 2103 1593 2159; baseline -0.001 -13"><span class='ocrx_word' id='word_1_219' title='bbox 46 2103 117 2146; x_wconf 92' lang='lat' dir='ltr'>his</span> <span class='ocrx_word' id='word_1_220' title='bbox 147 2104 261 2146; x_wconf 88' lang='lat' dir='ltr'>nihil</span> <span class='ocrx_word' id='word_1_221' title='bbox 291 2104 397 2146; x_wconf 89' lang='lat' dir='ltr'>certi</span> <span class='ocrx_word' id='word_1_222' title='bbox 430 2103 517 2146; x_wconf 92' lang='lat' dir='ltr'>dici</span> <span class='ocrx_word' id='word_1_223' title='bbox 538 2103 690 2159; x_wconf 87' lang='lat' dir='ltr'>possit,</span> <span class='ocrx_word' id='word_1_224' title='bbox 723 2117 797 2145; x_wconf 92' lang='lat' dir='ltr'>eos</span> <span class='ocrx_word' id='word_1_225' title='bbox 821 2103 935 2145; x_wconf 92' lang='lat' dir='ltr'>solos</span> <span class='ocrx_word' id='word_1_226' title='bbox 952 2103 1150 2154; x_wconf 80' lang='lat' dir='ltr'>afferam,</span> <span class='ocrx_word' id='word_1_227' title='bbox 1184 2103 1262 2159; x_wconf 90' lang='lat' dir='ltr'>qui</span> <span class='ocrx_word' id='word_1_228' title='bbox 1293 2103 1421 2145; x_wconf 90' lang='lat' dir='ltr'>certis</span> <span class='ocrx_word' id='word_1_229' title='bbox 1453 2103 1593 2158; x_wconf 87' lang='lat' dir='ltr'>poetis</span> 
     </span>
     <span class='ocr_line' id='line_1_28' title="bbox 12 2174 446 2231; baseline -0.002 -13"><span class='ocrx_word' id='word_1_230' title='bbox 12 2216 21 2222; x_wconf 66' lang='grc'>,,</span> <span class='ocrx_word' id='word_1_231' title='bbox 46 2174 182 2218; x_wconf 87' lang='lat' dir='ltr'>tribui</span> <span class='ocrx_word' id='word_1_232' title='bbox 213 2175 446 2231; x_wconf 89' lang='lat' dir='ltr'>possunt¹).</span> 
     </span>
    </p>
   </div>
   <div class='ocr_carea' id='block_1_4' title="bbox 49 2268 1595 2754">
    <p class='ocr_par' dir='ltr' id='par_1_4' title="bbox 49 2268 1595 2754">
     <span class='ocr_line' id='line_1_29' title="bbox 195 2268 1594 2325; baseline -0.002 -12"><span class='ocrx_word' id='word_1_233' title='bbox 195 2269 246 2314; x_wconf 93' lang='lat' dir='ltr'>V.</span> <span class='ocrx_word' id='word_1_234' title='bbox 280 2270 483 2313; x_wconf 85' lang='lat'>935-38</span> <span class='ocrx_word' id='word_1_235' title='bbox 537 2274 580 2312; x_wconf 88' lang='lat' dir='ltr'>et</span> <span class='ocrx_word' id='word_1_236' title='bbox 619 2285 659 2313; x_wconf 94' lang='lat' dir='ltr'>v.</span> <span class='ocrx_word' id='word_1_237' title='bbox 698 2270 898 2312; x_wconf 73' lang='lat' dir='ltr'>1003-ss</span> <span class='ocrx_word' id='word_1_238' title='bbox 937 2283 991 2311; x_wconf 83' lang='lat' dir='ltr'>ex</span> <span class='ocrx_word' id='word_1_239' title='bbox 1033 2268 1199 2311; x_wconf 87' lang='lat' dir='ltr'>maiore</span> <span class='ocrx_word' id='word_1_240' title='bbox 1243 2269 1382 2325; x_wconf 89' lang='lat' dir='ltr'>elegia</span> <span class='ocrx_word' id='word_1_241' title='bbox 1417 2269 1594 2325; x_wconf 87' lang='lat' dir='ltr'>Tyrtaei</span> 
     </span>
     <span class='ocr_line' id='line_1_30' title="bbox 49 2339 1595 2398; baseline -0.001 -14"><span class='ocrx_word' id='word_1_242' title='bbox 49 2342 217 2398; x_wconf 89' lang='lat' dir='ltr'>sumpti</span> <span class='ocrx_word' id='word_1_243' title='bbox 248 2345 365 2393; x_wconf 89' lang='lat' dir='ltr'>sunt,</span> <span class='ocrx_word' id='word_1_244' title='bbox 403 2355 540 2397; x_wconf 88' lang='lat' dir='ltr'>quam</span> <span class='ocrx_word' id='word_1_245' title='bbox 573 2341 787 2384; x_wconf 84' lang='lat' dir='ltr'>Stobaeus</span> <span class='ocrx_word' id='word_1_246' title='bbox 824 2341 915 2382; x_wconf 89' lang='lat' dir='ltr'>flor.</span> <span class='ocrx_word' id='word_1_247' title='bbox 951 2340 1021 2391; x_wconf 88' lang='lat' dir='ltr'>LI,</span> <span class='ocrx_word' id='word_1_248' title='bbox 1049 2341 1070 2382; x_wconf 94' lang='lat'>1</span> <span class='ocrx_word' id='word_1_249' title='bbox 1104 2344 1147 2382; x_wconf 87' lang='lat' dir='ltr'>et</span> <span class='ocrx_word' id='word_1_250' title='bbox 1176 2340 1289 2391; x_wconf 79' lang='lat' dir='ltr'>L1,5</span> <span class='ocrx_word' id='word_1_251' title='bbox 1330 2339 1508 2382; x_wconf 86' lang='lat' dir='ltr'>exhibet</span> <span class='ocrx_word' id='word_1_252' title='bbox 1552 2345 1595 2382; x_wconf 90' lang='grc'>61</span> 
     </span>
     <span class='ocr_line' id='line_1_31' title="bbox 49 2410 1594 2469; baseline -0.002 -14"><span class='ocrx_word' id='word_1_253' title='bbox 49 2427 186 2469; x_wconf 88' lang='lat' dir='ltr'>quam</span> <span class='ocrx_word' id='word_1_254' title='bbox 219 2426 246 2454; x_wconf 94' lang='lat' dir='ltr'>a</span> <span class='ocrx_word' id='word_1_255' title='bbox 274 2411 464 2468; x_wconf 84' lang='lat' dir='ltr'>Tyrtaeo</span> <span class='ocrx_word' id='word_1_256' title='bbox 504 2413 667 2455; x_wconf 81' lang='lat' dir='ltr'>factam</span> <span class='ocrx_word' id='word_1_257' title='bbox 715 2422 808 2454; x_wconf 85' lang='lat' dir='ltr'>esse</span> <span class='ocrx_word' id='word_1_258' title='bbox 840 2412 964 2453; x_wconf 88' lang='lat' dir='ltr'>Plato</span> <span class='ocrx_word' id='word_1_259' title='bbox 996 2411 1078 2467; x_wconf 89' lang='lat' dir='ltr'>leg.</span> <span class='ocrx_word' id='word_1_260' title='bbox 1111 2411 1144 2462; x_wconf 93' lang='grc' dir='ltr'>Ι,</span> <span class='ocrx_word' id='word_1_261' title='bbox 1178 2412 1276 2462; x_wconf 76' lang='grc'><strong>629,</strong></span> <span class='ocrx_word' id='word_1_262' title='bbox 1310 2410 1386 2453; x_wconf 91' lang='lat' dir='ltr'>ubi</span> <span class='ocrx_word' id='word_1_263' title='bbox 1415 2411 1594 2453; x_wconf 88' lang='lat' dir='ltr'>initium</span> 
     </span>
     <span class='ocr_line' id='line_1_32' title="bbox 49 2482 1593 2539; baseline -0.001 -13"><span class='ocrx_word' id='word_1_264' title='bbox 49 2483 184 2526; x_wconf 90' lang='lat' dir='ltr'>huius</span> <span class='ocrx_word' id='word_1_265' title='bbox 216 2483 425 2526; x_wconf 88' lang='lat' dir='ltr'>carminis</span> <span class='ocrx_word' id='word_1_266' title='bbox 455 2483 627 2539; x_wconf 87' lang='lat' dir='ltr'>legitur,</span> <span class='ocrx_word' id='word_1_267' title='bbox 660 2483 783 2526; x_wconf 88' lang='lat' dir='ltr'>testis</span> <span class='ocrx_word' id='word_1_268' title='bbox 815 2486 891 2524; x_wconf 89' lang='lat' dir='ltr'>est.</span> <span class='ocrx_word' id='word_1_269' title='bbox 941 2482 1066 2532; x_wconf 90' lang='lat' dir='ltr'>Quae</span> <span class='ocrx_word' id='word_1_270' title='bbox 1107 2486 1255 2524; x_wconf 90' lang='lat' dir='ltr'>autem</span> <span class='ocrx_word' id='word_1_271' title='bbox 1280 2496 1413 2524; x_wconf 89' lang='lat' dir='ltr'>causa</span> <span class='ocrx_word' id='word_1_272' title='bbox 1448 2483 1593 2534; x_wconf 78' lang='lat' dir='ltr'>fuerit,</span> 
     </span>
     <span class='ocr_line' id='line_1_33' title="bbox 50 2553 1593 2610; baseline -0.001 -13"><span class='ocrx_word' id='word_1_273' title='bbox 50 2569 130 2598; x_wconf 92' lang='grc'><strong>0111·</strong></span> <span class='ocrx_word' id='word_1_274' title='bbox 145 2555 183 2597; x_wconf 88' lang='grc'>13</span> <span class='ocrx_word' id='word_1_275' title='bbox 204 2554 283 2610; x_wconf 84' lang='lat' dir='ltr'>qui</span> <span class='ocrx_word' id='word_1_276' title='bbox 303 2558 499 2596; x_wconf 88' lang='lat' dir='ltr'>nostram</span> <span class='ocrx_word' id='word_1_277' title='bbox 523 2553 911 2610; x_wconf 82' lang='lat' dir='ltr'>Theognideorum</span> <span class='ocrx_word' id='word_1_278' title='bbox 934 2553 1234 2595; x_wconf 89' lang='lat' dir='ltr'>collectionem</span> <span class='ocrx_word' id='word_1_279' title='bbox 1257 2553 1593 2604; x_wconf 86' lang='lat' dir='ltr'>consarcinavit,</span> 
     </span>
     <span class='ocr_line' id='line_1_34' title="bbox 50 2624 1592 2681; baseline -0.002 -12"><span class='ocrx_word' id='word_1_280' title='bbox 50 2640 205 2670; x_wconf 88' lang='lat' dir='ltr'>versus</span> <span class='ocrx_word' id='word_1_281' title='bbox 236 2626 290 2668; x_wconf 85' lang='lat'>37</span> <span class='ocrx_word' id='word_1_282' title='bbox 298 2652 337 2657; x_wconf 80' lang='lat'><em>-</em></span> <span class='ocrx_word' id='word_1_283' title='bbox 353 2626 410 2667; x_wconf 82' lang='grc'>42</span> <span class='ocrx_word' id='word_1_284' title='bbox 441 2625 574 2668; x_wconf 83' lang='grc'><strong>11111113</strong></span> <span class='ocrx_word' id='word_1_285' title='bbox 596 2625 760 2681; x_wconf 88' lang='lat' dir='ltr'>elegiae</span> <span class='ocrx_word' id='word_1_286' title='bbox 781 2626 880 2681; x_wconf 60' lang='lat' dir='ltr'>(frg.</span> <span class='ocrx_word' id='word_1_287' title='bbox 925 2625 971 2665; x_wconf 75' lang='lat'>12</span> <span class='ocrx_word' id='word_1_288' title='bbox 993 2624 1183 2680; x_wconf 80' lang='lat' dir='ltr'>Tyrtaei,</span> <span class='ocrx_word' id='word_1_289' title='bbox 1207 2624 1351 2680; x_wconf 89' lang='lat' dir='ltr'>Bergk</span> <span class='ocrx_word' id='word_1_290' title='bbox 1382 2639 1424 2680; x_wconf 88' lang='lat' dir='ltr'>p.</span> <span class='ocrx_word' id='word_1_291' title='bbox 1458 2624 1484 2666; x_wconf 93' lang='lat' dir='ltr'>l.</span> <span class='ocrx_word' id='word_1_292' title='bbox 1507 2624 1592 2666; x_wconf 94' lang='lat' dir='ltr'>vol.</span> 
     </span>
     <span class='ocr_line' id='line_1_35' title="bbox 52 2694 1595 2754; baseline -0.003 -14"><span class='ocrx_word' id='word_1_293' title='bbox 52 2697 95 2740; x_wconf 92' lang='lat' dir='ltr'>II</span> <span class='ocrx_word' id='word_1_294' title='bbox 126 2697 192 2740; x_wconf 90' lang='lat' dir='ltr'>ed.</span> <span class='ocrx_word' id='word_1_295' title='bbox 225 2697 306 2754; x_wconf 92' lang='lat' dir='ltr'>IV)</span> <span class='ocrx_word' id='word_1_296' title='bbox 338 2701 629 2740; x_wconf 89' lang='lat' dir='ltr'>commutaret</span> <span class='ocrx_word' id='word_1_297' title='bbox 665 2701 708 2738; x_wconf 91' lang='lat' dir='ltr'>et</span> <span class='ocrx_word' id='word_1_298' title='bbox 749 2696 794 2737; x_wconf 88' lang='lat' dir='ltr'>in</span> <span class='ocrx_word' id='word_1_299' title='bbox 828 2699 998 2737; x_wconf 85' lang='lat' dir='ltr'>arctum</span> <span class='ocrx_word' id='word_1_300' title='bbox 1030 2694 1247 2751; x_wconf 89' lang='lat' dir='ltr'>redigeret</span> <span class='ocrx_word' id='word_1_301' title='bbox 1286 2699 1330 2737; x_wconf 87' lang='lat' dir='ltr'>et</span> <span class='ocrx_word' id='word_1_302' title='bbox 1368 2709 1448 2737; x_wconf 91' lang='lat' dir='ltr'>cur</span> <span class='ocrx_word' id='word_1_303' title='bbox 1492 2699 1595 2737; x_wconf 82' lang='lat' dir='ltr'>cum&#39;</span> 
     </span>
    </p>
   </div>
   <div class='ocr_carea' id='block_1_5' title="bbox 55 2906 1594 3016">
    <p class='ocr_par' dir='ltr' id='par_1_5' title="bbox 55 2906 1594 3016">
     <span class='ocr_line' id='line_1_36' title="bbox 197 2906 1593 2955; baseline -0.001 -9"><span class='ocrx_word' id='word_1_304' title='bbox 197 2910 225 2955; x_wconf 85' lang='grc'>1&gt;</span> <span class='ocrx_word' id='word_1_305' title='bbox 250 2909 442 2946; x_wconf 87' lang='lat' dir='ltr'>lectionum</span> <span class='ocrx_word' id='word_1_306' title='bbox 480 2909 719 2953; x_wconf 83' lang='lat' dir='ltr'>diversitates,</span> <span class='ocrx_word' id='word_1_307' title='bbox 746 2909 789 2943; x_wconf 86' lang='lat' dir='ltr'>de</span> <span class='ocrx_word' id='word_1_308' title='bbox 827 2908 955 2952; x_wconf 87' lang='lat' dir='ltr'>quibus</span> <span class='ocrx_word' id='word_1_309' title='bbox 992 2908 1069 2953; x_wconf 84' lang='lat' dir='ltr'>egit</span> <span class='ocrx_word' id='word_1_310' title='bbox 1093 2907 1133 2944; x_wconf 80' lang='lat' dir='ltr'>F.</span> <span class='ocrx_word' id='word_1_311' title='bbox 1161 2908 1278 2943; x_wconf 84' lang='lat' dir='ltr'>Cauer</span> <span class='ocrx_word' id='word_1_312' title='bbox 1301 2906 1395 2942; x_wconf 83' lang='lat' dir='ltr'>Phil.</span> <span class='ocrx_word' id='word_1_313' title='bbox 1424 2911 1481 2952; x_wconf 84' lang='lat'>49,</span> <span class='ocrx_word' id='word_1_314' title='bbox 1511 2918 1593 2952; x_wconf 84' lang='lat' dir='ltr'>pag.</span> 
     </span>
     <span class='ocr_line' id='line_1_37' title="bbox 55 2967 1594 3016; baseline -0.003 -10"><span class='ocrx_word' id='word_1_315' title='bbox 55 2973 122 3006; x_wconf 80' lang='lat'>662</span> <span class='ocrx_word' id='word_1_316' title='bbox 137 2981 184 3016; x_wconf 86' lang='lat' dir='ltr'>ss,</span> <span class='ocrx_word' id='word_1_317' title='bbox 201 2970 285 3014; x_wconf 83' lang='lat' dir='ltr'>quia</span> <span class='ocrx_word' id='word_1_318' title='bbox 298 2969 344 3004; x_wconf 86' lang='lat' dir='ltr'>ad</span> <span class='ocrx_word' id='word_1_319' title='bbox 354 2980 439 3013; x_wconf 85' lang='lat' dir='ltr'>rem,</span> <span class='ocrx_word' id='word_1_320' title='bbox 453 2979 559 3013; x_wconf 81' lang='lat' dir='ltr'>quam</span> <span class='ocrx_word' id='word_1_321' title='bbox 576 2968 664 3003; x_wconf 91' lang='lat' dir='ltr'>mihi</span> <span class='ocrx_word' id='word_1_322' title='bbox 678 2969 901 3003; x_wconf 83' lang='lat' dir='ltr'>tractandam</span> <span class='ocrx_word' id='word_1_323' title='bbox 916 2967 1093 3013; x_wconf 84' lang='lat' dir='ltr'>proposui,</span> <span class='ocrx_word' id='word_1_324' title='bbox 1112 2967 1204 3002; x_wconf 90' lang='lat' dir='ltr'>nihil</span> <span class='ocrx_word' id='word_1_325' title='bbox 1220 2967 1354 3011; x_wconf 75' lang='lat' dir='ltr'>valent,</span> <span class='ocrx_word' id='word_1_326' title='bbox 1371 2978 1440 3001; x_wconf 88' lang='lat' dir='ltr'>non</span> <span class='ocrx_word' id='word_1_327' title='bbox 1455 2967 1594 3002; x_wconf 86' lang='lat' dir='ltr'>curabo.</span> 
     </span>
    </p>
   </div>
  </div>
 </body>
</html>
