1898 3418
908 188 1196 232 -40—

264 322 507 366 Mutinensi
552 326 652 379 post
698 320 988 378 Theognidea
1032 319 1198 376 scripta
1238 320 1376 363 fuisse
1407 318 1833 377 Bendophocylidea

264 399 307 438 et
353 394 536 437 Suidam
583 408 738 437 omnes
780 393 862 436 hos
907 405 1064 436 versus
1095 390 1303 434 tribuisse
1345 390 1609 447 Theognidi.
1673 390 1828 443 Quum

265 466 545 519 sententiam,
572 466 652 509 etsi
684 465 883 522 aliquam
905 462 1265 520 probabilitatem
1297 463 1338 506 ei
1371 463 1515 506 inesse
1546 462 1701 519 negari
1733 476 1830 508 non
1896 462 1898 480 ³

265 542 420 594 potest,
454 537 562 594 quia
601 550 723 580 nunc
765 549 946 593 quoque
986 535 1034 577 in
1078 533 1305 578 codicibus
1338 534 1582 578 Mutinensi
1615 541 1673 588 A,
1708 533 1828 579 Vati-

265 623 376 652 cano
410 614 459 659 Ο,
493 608 666 652 Veneto
702 614 740 652 K
766 605 1212 664 Pseudophocylidea
1235 620 1390 650 versus
1422 605 1735 663 Theognideos
1765 619 1828 650 se·

265 684 479 738 quuntur,
513 684 664 723 tamen
711 679 899 735 probare
942 693 1034 721 non
1065 692 1262 734 possum.
1328 677 1565 728 Quomodo
1597 677 1719 721 enim
1750 676 1829 722 Su-

264 752 373 804 idas,
408 752 445 795 si
466 766 622 795 versus
644 751 884 794 amatorios
907 749 1143 793 continuos
1165 749 1300 792 nullis
1322 749 1419 792 aliis
1448 748 1828 794 intercedentibus

264 824 311 867 in
366 823 478 866 libro
531 827 562 878 β
608 823 784 880 legeret,
830 822 894 865 uti
953 821 1100 879 potuit
1155 820 1292 865 verbo
1352 830 1661 880 παρασπείειν,
1709 820 1832 879 quod
1858 866 1868 876 ,

264 895 385 938 idem
437 895 658 952 significat
703 898 837 951 atque
879 893 1236 950 interspergere?
1300 893 1432 944 Quod
1479 893 1669 937 verbum
1725 907 1831 938 cum

265 967 432 1024 optime
464 966 518 1010 de
550 966 754 1010 versibus
787 966 983 1023 potoriis,
1017 965 1074 1008 ad
1106 979 1220 1022 quos
1251 964 1388 1008 verba
1429 971 1506 1011 καὶ
1538 962 1653 1010 ἄλλα
1686 962 1769 1011 ὅσα
1801 966 1828 1011 o‘

265 1040 466 1098 ἐνάρετος
499 1034 819 1098 ἀποστρέφεται
851 1042 947 1091 βίος
979 1036 1212 1080 referenda
1243 1050 1337 1080 esse
1378 1037 1667 1094 perspicuum
1709 1039 1776 1081 est
1787 1035 1830 1095 ¹),

267 1110 545 1162 adhibeatur,
579 1110 687 1167 quia
709 1109 893 1166 plurimi
925 1109 1094 1166 passim
1115 1108 1163 1151 in
1195 1107 1307 1151 libro
1339 1115 1385 1154 A
1416 1109 1639 1166 leguntur,
1673 1123 1725 1152 eo
1741 1123 1832 1152 ma·

264 1182 332 1239 gis
375 1182 543 1225 mirum
591 1186 718 1233 esset,
752 1181 789 1224 si
835 1180 1155 1237 grammaticus
1188 1194 1278 1223 una
1310 1180 1637 1237 vituperatione
1669 1185 1714 1225 et
1743 1194 1832 1230 car:

267 1254 392 1297 mina
423 1253 597 1311 potoria
628 1257 670 1296 et
701 1253 919 1296 amatoria
949 1252 1223 1309 complexus,
1256 1266 1360 1295 cum
1392 1266 1462 1295 res
1494 1252 1754 1297 inhonestas
1775 1276 1833 1286 --

265 1336 442 1386 μιαρίαι
475 1352 532 1357 -
564 1340 616 1368 ea
647 1325 862 1377 nominet,
897 1324 951 1368 de
982 1324 1186 1386 versibus
1218 1323 1318 1367 libri
1353 1330 1393 1367 Β
1421 1339 1449 1367 a
1479 1323 1591 1368 libro
1623 1330 1669 1368 A
1700 1324 1833 1382 plane

267 1398 478 1441 seiunctis
511 1397 669 1441 eodem
700 1396 836 1441 verbo
868 1400 1078 1440 uteretur.

414 1505 474 1548 At
504 1505 595 1548 iam
628 1505 848 1556 videmus,
872 1519 1011 1562 quam
1043 1504 1156 1548 bene
1179 1505 1332 1547 omnia
1352 1505 1469 1548 inter
1500 1519 1546 1548 se
1569 1507 1832 1560 congruant,

268 1578 304 1621 si
353 1581 535 1634 accepta
576 1591 678 1620 mea
709 1577 763 1620 de
807 1576 1011 1620 versibus
1058 1576 1159 1619 libri
1192 1581 1232 1618 B
1281 1576 1502 1620 sententia
1530 1576 1579 1620 in
1624 1575 1836 1620 manibus

271 1649 435 1692 Suidae
467 1649 604 1692 fuisse
636 1648 799 1692 librum
834 1653 1059 1706 putamus,
1099 1648 1147 1690 in
1179 1663 1270 1704 quo
1302 1662 1457 1692 versus
1498 1647 1703 1692 amatorii
1733 1646 1836 1691 libri

270 1728 312 1765 B
342 1721 493 1778 elegiis
542 1720 643 1763 libri
676 1729 720 1765 A
751 1720 998 1763 intermixti
1032 1724 1170 1763 erant.
1236 1720 1351 1763 Cum
1383 1724 1533 1763 autem
1567 1719 1709 1763 codex
1740 1719 1834 1763 Mu·

271 1793 470 1844 tinensis,
504 1793 551 1835 in
585 1807 674 1849 quo
705 1807 862 1836 versus
894 1792 1099 1835 amatorii
1130 1792 1221 1834 iam
1253 1807 1280 1834 a
1311 1792 1467 1835 ceteris
1500 1791 1692 1849 separati
1714 1795 1834 1843 sunt,

273 1865 463 1922 scriptus
497 1864 553 1907 sit
585 1864 761 1908 saeculo
794 1864 967 1907 decimo
990 1877 1012 1906 e
1053 1863 1211 1907 eodem
1233 1863 1409 1907 saeculo
1442 1863 1604 1906 Suidas
1635 1862 1836 1907 codicem

273 1936 394 1993 legit,
426 1936 475 1979 in
508 1950 597 1992 quo
643 1935 788 1979 eidem
829 1950 986 1979 versus
1033 1935 1151 1978 intra
1198 1935 1363 1978 librum
1395 1941 1441 1979 A
1471 1934 1719 1987 exstabant,
1749 1934 1837 1978 hoc

274 2009 365 2051 fere
398 2012 598 2065 tempore
640 2022 666 2050 a
710 2007 1003 2064 grammatico
1035 2007 1185 2063 aliquo
1216 2021 1373 2051 versus
1413 2006 1511 2050 illos
1542 2005 1836 2064 transpositos

275 2094 369 2123 esse
421 2079 781 2123 concludendum
824 2083 901 2122 est.
965 2079 1203 2122 Proximus
1248 2078 1412 2121 Suidae
1452 2077 1730 2135 temporibus
1770 2082 1838 2122 est

276 2151 506 2196 Johannes
540 2150 770 2203 Stobaeus,
804 2165 940 2207 quem
987 2154 1140 2193 nostra
1169 2150 1268 2207 ipsa
1314 2149 1570 2193 collectione
1601 2149 1673 2194 vel
1703 2149 1837 2193 simil-

274 2224 383 2266 lima
413 2237 547 2265 usum
580 2237 674 2265 esse
708 2222 854 2279 Bergk
887 2222 1000 2265 Mus.
1036 2222 1181 2265 Rhen.
1215 2222 1298 2265 vol.
1331 2221 1398 2264 III
1429 2236 1530 2279 pag.
1556 2222 1643 2265 396
1675 2236 1719 2265 ss
1748 2235 1837 2266 rec·

275 2295 445 2338 tissime
489 2294 824 2346 demonstravit,
868 2309 971 2337 cum
1013 2308 1064 2337 eo
1103 2293 1299 2336 maxime
1343 2294 1524 2345 nitatur,
1558 2293 1681 2351 quod
1710 2297 1755 2337 et
1784 2307 1839 2337 ea

275 2381 391 2423 quae
424 2381 450 2409 a
482 2365 743 2422 Theognide
775 2380 866 2408 non
898 2366 1096 2423 profecta
1126 2366 1172 2408 in
1206 2364 1371 2408 librum
1394 2365 1682 2422 irrepserunt,
1714 2363 1837 2423 apud

276 2438 514 2482 Stobaeum
548 2437 631 2480 sub
663 2437 872 2480 lemmate
920 2439 1149 2494 Θεόγνιδος
1190 2437 1396 2494 legantur
1428 2442 1471 2480 et
1502 2451 1715 2481 versuum
1746 2436 1837 2481 lau·

276 2510 483 2553 datorum
515 2509 623 2552 ordo
655 2524 682 2552 a
713 2509 999 2566 compilat-ore
1032 2509 1256 2552 exhibitus
1288 2522 1315 2552 a
1345 2508 1551 2552 codicum
1582 2513 1837 2553 nostrorum

277 2596 367 2625 non
400 2581 587 2624 differat.
652 2581 814 2624 Nostra
845 2581 982 2638 igitur
998 2581 1217 2624 sententia
1237 2580 1424 2638 probata
1453 2595 1633 2624 necesse
1664 2584 1732 2624 est
1745 2579 1837 2624 Su>

278 2654 440 2696 baeum
472 2652 711 2695 amatorios
744 2667 924 2709 quoque
946 2667 1115 2705 versus,
1133 2652 1212 2709 qui
1243 2666 1364 2695 nunc
1395 2652 1443 2694 in
1474 2652 1587 2695 libro
1609 2652 1836 2704 Binsunt,

277 2724 448 2781 legisse,
497 2723 557 2766 At
578 2724 663 2766 hoc
694 2724 879 2767 fortasse
903 2724 1013 2767 mihi
1035 2724 1226 2767 obicitur
1242 2724 1407 2766 mirum
1430 2738 1526 2767 esse
1542 2723 1666 2781 quod
1686 2723 1838 2768 nullus

425 2951 450 2995 ¹)
473 2951 596 2987 Verba
621 2952 679 2985 καὶ
704 2950 795 2984 ἄλλα
823 2961 852 2986 e.
881 2962 915 2995 q.
941 2962 968 2988 s,
994 2961 1064 2986 non
1089 2949 1215 2986 referri
1254 2960 1355 2994 posse
1393 2950 1438 2985 ad
1463 2949 1594 2986 librum
1621 2954 1654 2984 B
1675 2953 1838 2996 apparet,

280 3011 366 3059 quia
390 3011 429 3048 in
455 3022 495 3047 eo
521 3016 664 3057 praeter
688 3021 842 3047 amorem
870 3010 1042 3055 puerilem
1067 3009 1159 3046 nihil
1185 3008 1366 3046 inhonesti
1391 3009 1496 3046 inest.
