1898 3418
937 238 1233 281 -18-

445 370 485 412 6.
548 369 599 411 In
633 372 790 412 neutro
821 368 934 412 libro
966 368 1084 411 ullus
1115 368 1410 412 recentiorum
1444 373 1676 426 poetarum
1707 382 1867 415 versu·

300 440 540 485 invenitur.

445 536 482 578 7
547 536 599 578 In
632 540 790 579 neutro
822 536 935 579 libro
966 540 1112 580 certus
1144 537 1467 580 sententiarum
1508 549 1705 580 conexus
1745 548 1866 594 repe·

302 607 377 650 riri
409 611 567 664 potest,
600 608 686 651 nisi
725 607 846 664 quod
890 622 1046 652 omnes
1077 623 1234 652 versus
1274 608 1375 651 libri
1407 614 1449 652 B
1477 608 1532 652 de
1563 621 1715 652 amore
1761 618 1864 666 pue-

302 679 371 722 rili
403 679 573 736 scripti
587 684 702 723 sunt.

1042 823 1120 868 IV.

443 907 669 958 Quoniam
710 910 775 950 tot
805 911 848 950 et
878 911 1025 950 tantas
1057 907 1371 951 similitudines
1402 907 1708 965 cognovimus,
1741 905 1867 952 dubi·

301 983 393 1022 tare
425 979 515 1021 iam
548 993 638 1022 non
671 993 924 1036 possumus,
969 979 1081 1036 quin
1122 980 1367 1023 arctissime
1406 979 1453 1022 hi
1498 979 1587 1022 duo
1617 978 1719 1022 libri
1748 978 1867 1023 inter

301 1065 347 1093 se
379 1050 656 1094 cohaereant.
721 1051 877 1102 Qualis
909 1055 1059 1094 autem
1092 1051 1203 1095 ratio
1226 1051 1342 1095 inter
1373 1065 1447 1095 eos
1477 1049 1736 1104 intercedat,
1767 1064 1865 1111 cog·

301 1123 425 1184 nosci
457 1137 548 1165 non
580 1127 737 1179 potest,
780 1123 867 1166 nisi
908 1127 1040 1166 antea
1083 1123 1386 1180 exposuimus,
1420 1122 1647 1181 quomodo
1677 1121 1790 1166 liber
1818 1127 1867 1168 A

236 1204 243 1211 ·
301 1195 574 1251 compositus
606 1195 674 1238 sit.

455 1291 557 1342 Qua
589 1291 643 1334 de
676 1305 722 1334 re
769 1291 993 1348 permulta
1023 1292 1114 1335 iam
1156 1291 1240 1335 viri
1272 1291 1390 1335 docti
1421 1291 1789 1349 excogitaverunt
1819 1294 1865 1334 et

300 1363 672 1420 conscripserunt,
707 1363 785 1419 qui
817 1377 1095 1419 quamquam
1137 1377 1269 1420 saepe
1309 1364 1505 1407 maxime
1547 1363 1664 1406 inter
1693 1376 1741 1407 se
1769 1361 1865 1423 :dis-

302 1435 514 1487 sentiunt,
547 1440 698 1478 tamen
731 1435 874 1491 magis
906 1435 1141 1492 magisque
1172 1434 1218 1478 id
1250 1449 1406 1478 omnes
1419 1434 1609 1492 probare
1638 1433 1863 1487 videntur,

302 1521 457 1551 versus
489 1506 699 1564 repetitos
732 1507 898 1550 summi
930 1507 1147 1550 momenti
1180 1521 1275 1550 esse
1306 1506 1364 1550 ad
1397 1506 1756 1564 cognoscendam
1788 1519 1864 1550 na·

301 1582 448 1621 turam
480 1578 614 1621 totius
646 1578 927 1622 collectionis.

1060 1749 1102 1779 81·

444 1831 779 1883 Difficultatem,
813 1844 951 1887 quam
983 1829 1068 1873 hae
1099 1829 1278 1873 crebrae
1310 1829 1594 1886 repetitiones
1633 1827 1862 1886 praebent,

304 1903 539 1946 Nietzsche
571 1904 619 1946 in
651 1902 977 1954 dissersatione,
1011 1916 1127 1959 quae
1159 1901 1440 1945 inscribitur:
1474 1901 1566 1944 Zur
1596 1899 1863 1944 Geschichte

302 1974 380 2018 der
411 1974 828 2032 Theognideischen
860 1973 1307 2031 Spruchsammlung,
1371 1973 1483 2018 Mus,
1518 1973 1661 2016 Rhen.
1693 1972 1780 2018 vol.
1805 1972 1863 2015 22

302 2061 402 2104 pag.
441 2047 521 2090 161
543 2061 586 2090 ss
619 2046 789 2090 solvere
836 2045 1020 2097 studuit,
1069 2045 1147 2102 qui
1179 2045 1249 2090 vir
1279 2044 1436 2088 doctus
1467 2044 1668 2102 singulas
1699 2043 1864 2102 elegias

300 2119 363 2162 ita
409 2132 634 2162 connexas
681 2132 776 2161 esse
822 2121 963 2174 putat,
1012 2121 1061 2160 ut
1107 2116 1377 2161 vocabulum
1421 2115 1650 2173 quoddam
1681 2115 1864 2160 alterius

309 2189 430 2233 idem
463 2189 734 2234 vocabulum
765 2189 813 2232 in
845 2189 984 2232 altera
1015 2188 1218 2246 excipiat.
1283 2188 1379 2231 Etsi
1409 2187 1564 2244 negari
1594 2201 1687 2231 non
1717 2190 1865 2246 potest

302 2262 350 2304 in
388 2261 661 2318 quibusdam
704 2260 905 2318 partibus
952 2260 1052 2303 libri
1084 2259 1474 2316 Theognideorum
1508 2259 1595 2303 talc
1625 2258 1863 2303 consilium

302 2334 350 2376 in
382 2333 645 2377 adornanda
675 2332 965 2389 dispositione
997 2346 1226 2389 apparere,
1266 2331 1384 2388 quod
1421 2332 1513 2375 iam
1544 2344 1682 2389 supra
1710 2344 1813 2389 pag.
1835 2330 1862 2374 ⁷
1894 2355 1898 2364 ⁴

303 2405 514 2458 concessi,
547 2410 699 2448 tamen
730 2403 918 2448 modum
940 2404 1052 2447 mihi
1074 2403 1285 2447 excedere
1306 2385 1484 2448 videtur
1503 2402 1576 2446 ille
1601 2403 1672 2448 vir
1691 2401 1862 2456 doetus,
1896 2447 1898 2452 ,

305 2478 342 2520 si
374 2491 472 2534 pag.
513 2477 594 2519 172
641 2476 667 2519 l.
701 2490 737 2519 c.
786 2476 895 2519 hacc
941 2475 1071 2520 dicit:
1120 2475 1234 2518 Dem
1266 2474 1493 2518 Redaktor
1538 2474 1611 2532 lag
1657 2474 1756 2518 eine
1791 2473 1862 2519 be-
1895 2480 1898 2485 ’

305 2549 501 2593 stimmte
535 2549 679 2592 Masse
726 2562 815 2592 von
862 2547 1278 2604 Theognideischen
1310 2546 1609 2603 Fragmentcn
1648 2559 1742 2599 vor,
1789 2544 1862 2590 dio

306 2635 353 2664 er
384 2635 480 2663 nun
512 2620 558 2663 in
592 2620 736 2663 seiner
767 2619 914 2663 Weise
947 2634 1001 2662 zu
1049 2619 1195 2662 einem
1236 2618 1415 2661 Ganzen
1467 2617 1658 2661 machen
1702 2616 1860 2662 wollte.

306 2693 418 2736 Sehr
441 2693 505 2735 oft
526 2691 632 2735 aber
653 2691 788 2734 iehlte
811 2691 906 2734 ihm
929 2691 999 2734 ein
1021 2690 1263 2747 Fragment
1283 2690 1366 2732 mit
1387 2689 1489 2732 dem
1524 2686 1862 2733 verbindenden
1895 2704 1898 2711 ¹

306 2764 481 2815 Worte;
531 2778 578 2806 er
623 2763 728 2820 griff
774 2763 897 2805 daun
944 2762 1110 2806 zuriick
1157 2776 1211 2804 zu
1255 2760 1342 2804 den
1374 2761 1513 2804 schon
1543 2759 1860 2818 gebrauchten,

306 2835 384 2878 der
416 2835 682 2891 Sammlung
714 2834 851 2877 schon
881 2834 1183 2891 eingereihten
1207 2831 1301 2875 und
1321 2832 1470 2875 fiihrte
1492 2846 1538 2875 es
1560 2831 1676 2876 noch
1697 2830 1864 2876 einmal
1896 2863 1898 2866 <

306 2922 398 2951 vor.
466 2906 603 2949 Dabei
636 2905 766 2949 stand
799 2919 845 2948 es
877 2906 923 2948 in
956 2906 1101 2948 seiner
1131 2903 1282 2956 Hand,
1324 2903 1369 2946 in
1403 2903 1481 2947 der
1512 2902 1864 2960 Wiederholung

307 2979 452 3034 einige
501 2978 746 3022 Varianten
793 2976 1124 3033 anzubringen;
1170 2990 1218 3019 er
1248 2975 1344 3018 that
1384 2990 1430 3018 es
1461 2976 1538 3027 oft,
1584 2973 1688 3018 bald
1734 2973 1864 3018 mehr

307 3050 413 3096 oder
445 3049 637 3106 weniger
667 3049 907 3105 geschickt‚
960 3048 1067 3091 aber
1097 3061 1145 3091 er
1175 3047 1271 3090 that
1301 3060 1348 3089 es
1380 3046 1505 3090 nicht
1534 3047 1707 3089 immor.
1766 3044 1862 3090 Das
