1898 3418
713 218 998 261 -29-

206 345 259 388 In
305 361 347 390 v.
385 346 590 390 949-54
620 347 692 403 agi
723 347 778 390 de
810 363 855 391 re
901 362 1091 392 venerea
1135 349 1225 392 iani
1259 364 1394 406 supra
1424 364 1523 406 pag.
1559 351 1623 393 9s

65 416 263 472 exposui.
327 417 420 460 Nec
451 418 584 460 aliam
632 433 726 461 rem
772 419 819 461 in
868 435 908 463 v.
944 421 1148 463 959-62
1195 425 1373 477 poetam
1425 425 1622 477 spectare

64 501 329 544 persuasum
348 488 516 541 habeo,
550 504 662 545 quos
683 490 735 532 W
739 490 937 534 elckerus
962 506 1141 547 quoque
1173 492 1289 534 inter
1315 506 1490 534 musam
1524 507 1622 549 pae-

65 558 224 610 dicam,
268 574 406 615 quam
439 560 556 611 dicit,
591 561 767 617 recepit.
852 562 1063 605 Versibus
1095 563 1384 619 sequentibus
1418 564 1622 606 963—70

13 654 18 656 -
65 634 218 672 utrum
248 635 380 687 poeta
424 645 614 688 puerum
657 636 858 674 amatum
890 647 947 675 an
979 634 1116 676 alium
1149 634 1345 676 amicum
1376 635 1624 691 alloquator

65 700 310 744 diiudicare
354 716 445 744 non
492 702 647 745 audeo.
712 703 764 745 Iu
797 709 1012 760 sequento
1044 704 1232 748 disticho
1270 706 1417 761 agitur
1449 706 1503 748 de
1536 721 1622 748 usu

65 772 262 829 quodam
309 773 630 817 conviviorum.
695 775 747 816 In
780 790 819 816 v.
856 776 1059 818 973--78
1092 780 1223 832 poeta
1254 776 1360 819 dicit
1391 791 1436 819 se
1468 778 1622 820 mortis

64 857 311 886 memorem
362 845 494 900 genio
547 845 827 888 indulturum
881 860 988 898 esse,
1042 861 1124 889 nec
1175 848 1325 890 minus
1382 849 1430 890 in
1482 849 1621 905 elegia

65 915 268 958 983—-88
291 915 463 958 sodales
485 916 759 968 adhortatur,
793 922 843 960 ut
864 918 1168 974 voluptatibus
1191 924 1233 961 et
1254 919 1621 962 delectationibus

64 1000 111 1029 se
143 986 320 1042 debant,
343 987 453 1029 dum
475 992 595 1030 aetas
623 989 679 1030 sit
699 988 883 1045 integra.
947 990 1148 1032 Disticho
1175 995 1387 1046 sequente
1410 991 1619 1041 sodalem,

63 1058 191 1101 cuius
222 1049 387 1101 nornen
434 1073 525 1101 non
558 1060 699 1111 affert,
747 1065 912 1109 monet,
960 1065 1010 1102 ut
1041 1059 1258 1104 conviviis
1290 1062 1475 1113 intersit,
1507 1076 1620 1106 neve

64 1129 101 1172 si
133 1129 243 1186 quid
274 1144 378 1172 eum
425 1130 672 1182 offenderit,
722 1131 819 1173 aliis
867 1131 1081 1174 ostendat.
1161 1132 1214 1174 In
1245 1133 1450 1189 proxima
1481 1133 1619 1189 elegia

63 1200 341 1243 Academum
364 1201 591 1257 quendam
624 1201 680 1244 ad
699 1206 923 1245 certamen
946 1187 1169 1245 musicum
1196 1203 1250 1246 de
1273 1218 1410 1260 puero
1434 1204 1619 1258 pulchro

49 1276 285 1328 provocat.
352 1272 576 1328 Sequente
623 1274 819 1316 carmine
865 1273 1028 1316 iterum
1072 1275 1237 1317 amicos
1270 1274 1325 1317 ad
1359 1276 1618 1319 convivium

62 1343 235 1388 invitat.
299 1343 515 1386 Versibus
566 1345 796 1387 1007—12
844 1344 964 1387 idem
1010 1345 1101 1387 fere
1149 1359 1306 1388 sensus
1336 1346 1453 1388 inest
1484 1351 1619 1402 atque

62 1414 266 1458 versibus
297 1414 501 1457 973—78
534 1419 611 1457 aut
642 1415 857 1458 983—88.
922 1416 1014 1458 Nec
1045 1416 1272 1459 dissimilis
1304 1421 1370 1459 est
1401 1418 1619 1460 sententia

62 1500 104 1529 v.
141 1486 385 1537 1017—22,
419 1486 583 1542 quibus
629 1491 760 1542 poeta
806 1487 1019 1543 queritur,
1053 1487 1174 1543 quod
1205 1492 1297 1529 tam
1329 1488 1526 1531 celeriter
1556 1489 1617 1531 iu-

63 1561 225 1600 ventus
256 1562 514 1614 praetereat.
579 1558 632 1600 V.
671 1558 901 1600 1039-40
932 1558 963 1599 ii
994 1558 1316 1614 vituperantur,
1351 1559 1429 1615 qui
1459 1560 1617 1603 vinum

0 1670 2 1675 ,
65 1633 295 1684 spernunt,
328 1644 369 1672 v.
417 1629 647 1672 1041—42
696 1633 738 1671 et
788 1629 1017 1672 1047—48
1064 1629 1122 1671 ad
1168 1629 1414 1672 bibendum
1459 1631 1618 1674 invitat

64 1703 207 1756 poeta,
256 1699 311 1742 de
356 1700 667 1743 comissatione
723 1701 937 1756 scriptum
988 1705 1053 1743 est
1099 1700 1320 1744 distichon
1372 1702 1616 1746 1045--46,

67 1770 120 1814 V.
149 1772 378 1814 1055—58
412 1775 543 1827 poeta
573 1772 770 1814 amicum
802 1771 1075 1823 adhortatur,
1110 1777 1159 1814 ut
1190 1773 1382 1815 serviore
1414 1787 1617 1816 sermone

65 1842 229 1885 omisso
250 1842 359 1886 tibia
391 1841 475 1885 sibi
506 1847 648 1885 canat.
721 1843 887 1898 Elegia,
921 1857 1036 1899 quae
1067 1858 1109 1886 v.
1147 1845 1375 1886 1063—68
1407 1845 1616 1896 continet,

65 1917 196 1970 poeta
216 1913 529 1956 delectationes
551 1913 772 1965 describit,
806 1929 918 1970 quas
949 1914 1159 1957 iuventus
1192 1914 1410 1970 praebeat.
1467 1916 1619 1958 Simile

65 1989 131 2027 est
161 1989 478 2042 argumentum
510 1986 702 2041 proximi
735 1985 924 2028 distichi.

213 2068 381 2111 Versus
414 2073 664 2124 sequentes,
708 2069 756 2110 in
788 2068 952 2124 quibus
985 2069 1252 2111 creberrima
1283 2069 1472 2112 disticha
1502 2084 1619 2127 repe-

66 2140 147 2182 tita
177 2144 427 2191 occurrunt,
463 2154 578 2195 quae
609 2140 874 2196 pervissima
905 2140 1149 2195 pertinacia
1172 2140 1360 2183 editores
1392 2142 1618 2193 omittunt,

15 2220 20 2221 ⁷
66 2211 262 2267 integros
311 2225 479 2263 omnes,
530 2225 642 2267 quos
690 2211 829 2253 codex
865 2211 1130 2253 Mutinensis
1179 2212 1358 2254 exhibet
1403 2212 1618 2264 adscribo,

67 2296 157 2339 quo
188 2296 342 2326 veram
372 2282 507 2325 huius
539 2282 703 2325 codicis
741 2283 985 2338 imaginem
1016 2282 1166 2325 lectori
1198 2283 1448 2339 praebeam,
1483 2298 1619 2339 quam

67 2367 122 2399 ex
154 2353 435 2406 editionibus,
484 2368 599 2410 quae
648 2354 795 2396 adhuc
844 2354 891 2395 in
938 2353 1146 2396 manibus
1193 2355 1354 2397 nostris
1387 2360 1503 2406 sunt,
1537 2355 1619 2397 sibi

66 2425 234 2481 fingere
288 2439 378 2467 non
425 2430 580 2481 potest.
661 2425 885 2475 Quoniam
919 2429 1069 2466 autem
1101 2425 1184 2467 hoc
1217 2426 1360 2467 solum
1392 2426 1436 2467 111
1470 2426 1620 2468 animo

66 2496 179 2538 mihi
210 2500 288 2547 est,
321 2500 371 2538 ut
410 2487 552 2539 lector
598 2501 848 2552 cognoscat,
882 2496 1012 2552 quale
1045 2496 1101 2538 sit
1137 2500 1453 2552 argumentum
1485 2497 1619 2539 huius

67 2567 206 2624 partis
237 2566 339 2610 libri
371 2558 429 2619 A,
462 2567 664 2609 codicum
700 2567 909 2609 lectiones
944 2567 1017 2609 hic
1039 2581 1130 2609 non
1152 2567 1328 2615 curabo,
1362 2568 1620 2623 praesertim

70 2651 174 2680 cum
206 2637 260 2680 de
292 2652 504 2681 versuum
537 2638 825 2694 repetitorum
856 2637 1118 2680 lectionibus
1149 2638 1238 2680 iam
1276 2653 1411 2695 supra
1442 2638 1621 2681 uberius

68 2709 246 2766 egerim.

497 2793 609 2835 1070
626 2806 664 2834 a.
703 2793 871 2852 Τέρπεό
901 2811 986 2848 μοι,
1020 2795 1115 2849 φίλε
1137 2798 1266 2849 θυμέ,
1288 2791 1383 2848 τάχ’
1415 2792 1476 2837 ἄν
1507 2811 1620 2844 τινες

144 2863 262 2905 iden]
296 2877 347 2906 ac
446 2800 466 2939 Ι
775 2861 899 2907 ἄλλοι
930 2863 1102 2908 ἔσονται

145 2929 371 2976 877—'2'8¹
627 2935 667 2977 b.
704 2933 873 2994 ἄνδρες,
906 2933 988 2990 ‹2³qu
1033 2936 1082 2980 δὲ
1112 2936 1272 2978 θανών
1304 2946 1410 2989 γαῖα
1452 2938 1619 2991 μέλαιν’

451 2941 470 3070 l
774 3008 941 3063 μέλαιν’
975 3006 1142 3064 ἔσομαι,-
