<?xml version="1.0" encoding="UTF-8"?>
<!DOCTYPE html PUBLIC "-//W3C//DTD XHTML 1.0 Transitional//EN"
    "http://www.w3.org/TR/xhtml1/DTD/xhtml1-transitional.dtd">
<html xmlns="http://www.w3.org/1999/xhtml" xml:lang="en" lang="en">
 <head>
  <title>
</title>
<meta http-equiv="Content-Type" content="text/html;charset=utf-8" />
  <meta name='ocr-system' content='tesseract 3.04.00' />
  <meta name='ocr-capabilities' content='ocr_page ocr_carea ocr_par ocr_line ocrx_word'/>
</head>
<body>
  <div class='ocr_page' id='page_1' title='image "./quaeratiointerce00fresuoft_0010.png"; bbox 0 0 1898 3418; ppageno 0'>
   <div class='ocr_carea' id='block_1_1' title="bbox 905 181 1167 224">
    <p class='ocr_par' dir='ltr' id='par_1_1' title="bbox 905 181 1167 224">
     <span class='ocr_line' id='line_1_1' title="bbox 905 181 1167 224; baseline 0 -12"><span class='ocrx_word' id='word_1_1' title='bbox 905 181 1167 224; x_wconf 76' lang='lat'>-2-</span> 
     </span>
    </p>
   </div>
   <div class='ocr_carea' id='block_1_2' title="bbox 474 308 1605 444">
    <p class='ocr_par' dir='ltr' id='par_1_2' title="bbox 474 308 1605 444">
     <span class='ocr_line' id='line_1_2' title="bbox 474 308 1605 371; baseline -0.001 -15"><span class='ocrx_word' id='word_1_2' title='bbox 474 308 521 356; x_wconf 81' lang='grc' dir='ltr'><strong><em>Ὦ</em></strong></span> <span class='ocrx_word' id='word_1_3' title='bbox 553 324 651 365; x_wconf 80' lang='grc' dir='ltr'><em>παῖ,</em></span> <span class='ocrx_word' id='word_1_4' title='bbox 682 313 741 371; x_wconf 74' lang='grc' dir='ltr'>μή</span> <span class='ocrx_word' id='word_1_5' title='bbox 774 310 963 368; x_wconf 77' lang='grc' dir='ltr'><em>κῶμαζε,</em></span> <span class='ocrx_word' id='word_1_6' title='bbox 994 319 1162 371; x_wconf 68' lang='grc' dir='ltr'><strong><em>γέροντι</em></strong></span> <span class='ocrx_word' id='word_1_7' title='bbox 1194 313 1244 357; x_wconf 82' lang='grc' dir='ltr'>δὲ</span> <span class='ocrx_word' id='word_1_8' title='bbox 1274 316 1433 357; x_wconf 76' lang='grc' dir='ltr'><strong><em>πείθεο</em></strong></span> <span class='ocrx_word' id='word_1_9' title='bbox 1464 310 1605 370; x_wconf 70' lang='grc' dir='ltr'><em>ἀνδρί·</em></span> 
     </span>
     <span class='ocr_line' id='line_1_3' title="bbox 481 382 1405 444; baseline -0.003 -15"><span class='ocrx_word' id='word_1_10' title='bbox 481 385 530 430; x_wconf 76' lang='grc' dir='ltr'>οὔ</span> <span class='ocrx_word' id='word_1_11' title='bbox 560 404 625 429; x_wconf 86' lang='grc' dir='ltr'>τοι</span> <span class='ocrx_word' id='word_1_12' title='bbox 656 382 874 442; x_wconf 77' lang='grc' dir='ltr'><em>κωμάζειν</em></span> <span class='ocrx_word' id='word_1_13' title='bbox 905 385 1121 443; x_wconf 82' lang='grc' dir='ltr'><strong><em>σύμφορον</em></strong></span> <span class='ocrx_word' id='word_1_14' title='bbox 1152 385 1281 444; x_wconf 71' lang='grc' dir='ltr'><em>ἀνδρὶ</em></span> <span class='ocrx_word' id='word_1_15' title='bbox 1311 391 1405 444; x_wconf 82' lang='grc' dir='ltr'><em>νέῳ,</em></span> 
     </span>
    </p>
   </div>
   <div class='ocr_carea' id='block_1_3' title="bbox 265 449 1898 514">
    <p class='ocr_par' dir='ltr' id='par_1_3' title="bbox 265 449 1898 514">
     <span class='ocr_line' id='line_1_4' title="bbox 265 449 1898 514; baseline -0.002 -14"><span class='ocrx_word' id='word_1_16' title='bbox 265 471 378 514; x_wconf 90' lang='lat' dir='ltr'>quos</span> <span class='ocrx_word' id='word_1_17' title='bbox 407 456 664 500; x_wconf 90' lang='lat' dir='ltr'>Welckerus</span> <span class='ocrx_word' id='word_1_18' title='bbox 685 456 734 498; x_wconf 88' lang='lat' dir='ltr'>in</span> <span class='ocrx_word' id='word_1_19' title='bbox 764 455 929 512; x_wconf 88' lang='lat' dir='ltr'><strong>proleg.</strong></span> <span class='ocrx_word' id='word_1_20' title='bbox 965 454 1023 498; x_wconf 91' lang='lat' dir='ltr'>ad</span> <span class='ocrx_word' id='word_1_21' title='bbox 1050 454 1358 511; x_wconf 88' lang='lat' dir='ltr'>Theognidem</span> <span class='ocrx_word' id='word_1_22' title='bbox 1375 469 1476 511; x_wconf 85' lang='lat' dir='ltr'>pag.</span> <span class='ocrx_word' id='word_1_23' title='bbox 1495 453 1574 497; x_wconf 87' lang='lat' dir='ltr'>CII</span> <span class='ocrx_word' id='word_1_24' title='bbox 1596 452 1824 497; x_wconf 79' lang='lat' dir='ltr'>aberrasse</span> <span class='ocrx_word' id='word_1_25' title='bbox 1896 449 1898 451; x_wconf 66' lang='grc'><strong>’</strong></span> 
     </span>
    </p>
   </div>
   <div class='ocr_carea' id='block_1_4' title="bbox 271 523 1827 656">
    <p class='ocr_par' dir='ltr' id='par_1_4' title="bbox 271 523 1827 656">
     <span class='ocr_line' id='line_1_5' title="bbox 271 523 1827 584; baseline -0.002 -13"><span class='ocrx_word' id='word_1_26' title='bbox 271 530 319 571; x_wconf 89' lang='grc'>111</span> <span class='ocrx_word' id='word_1_27' title='bbox 354 533 559 571; x_wconf 90' lang='lat' dir='ltr'>nostrum</span> <span class='ocrx_word' id='word_1_28' title='bbox 591 527 757 570; x_wconf 89' lang='lat' dir='ltr'>librum</span> <span class='ocrx_word' id='word_1_29' title='bbox 788 530 928 584; x_wconf 88' lang='lat' dir='ltr'>putat.</span> <span class='ocrx_word' id='word_1_30' title='bbox 992 526 1094 569; x_wconf 90' lang='lat' dir='ltr'>Non</span> <span class='ocrx_word' id='word_1_31' title='bbox 1126 526 1246 570; x_wconf 91' lang='lat' dir='ltr'>enim</span> <span class='ocrx_word' id='word_1_32' title='bbox 1279 526 1479 570; x_wconf 90' lang='lat' dir='ltr'>hocloco</span> <span class='ocrx_word' id='word_1_33' title='bbox 1510 523 1730 584; x_wconf 76' lang='grc' dir='ltr'>κωμάζειν</span> <span class='ocrx_word' id='word_1_34' title='bbox 1758 527 1827 568; x_wconf 82' lang='lat' dir='ltr'>est</span> 
     </span>
     <span class='ocr_line' id='line_1_6' title="bbox 274 597 1824 656; baseline 0 -16"><span class='ocrx_word' id='word_1_35' title='bbox 274 599 573 651; x_wconf 76' lang='lat' dir='ltr'>»comissari«,</span> <span class='ocrx_word' id='word_1_36' title='bbox 607 598 728 656; x_wconf 91' lang='lat' dir='ltr'>quod</span> <span class='ocrx_word' id='word_1_37' title='bbox 760 598 1027 655; x_wconf 87' lang='lat' dir='ltr'>plerumque</span> <span class='ocrx_word' id='word_1_38' title='bbox 1071 599 1304 656; x_wconf 89' lang='lat' dir='ltr'>significat,</span> <span class='ocrx_word' id='word_1_39' title='bbox 1338 597 1413 641; x_wconf 92' lang='lat' dir='ltr'>sed</span> <span class='ocrx_word' id='word_1_40' title='bbox 1461 597 1650 642; x_wconf 80' lang='lat' dir='ltr'>»lascive</span> <span class='ocrx_word' id='word_1_41' title='bbox 1680 600 1724 640; x_wconf 88' lang='lat' dir='ltr'>et</span> <span class='ocrx_word' id='word_1_42' title='bbox 1752 609 1824 654; x_wconf 82' lang='lat' dir='ltr'>pe-</span> 
     </span>
    </p>
   </div>
   <div class='ocr_carea' id='block_1_5' title="bbox 266 668 1898 727">
    <p class='ocr_par' dir='ltr' id='par_1_5' title="bbox 266 668 1898 727">
     <span class='ocr_line' id='line_1_7' title="bbox 266 668 1898 727; baseline -0.001 -13"><span class='ocrx_word' id='word_1_43' title='bbox 266 672 460 714; x_wconf 89' lang='lat' dir='ltr'>tulanter</span> <span class='ocrx_word' id='word_1_44' title='bbox 492 685 664 727; x_wconf 87' lang='lat' dir='ltr'>agere«,</span> <span class='ocrx_word' id='word_1_45' title='bbox 699 670 819 727; x_wconf 88' lang='lat' dir='ltr'>quod</span> <span class='ocrx_word' id='word_1_46' title='bbox 853 670 1019 727; x_wconf 88' lang='lat' dir='ltr'>optime</span> <span class='ocrx_word' id='word_1_47' title='bbox 1051 669 1139 713; x_wconf 91' lang='lat' dir='ltr'>dici</span> <span class='ocrx_word' id='word_1_48' title='bbox 1171 674 1315 727; x_wconf 87' lang='lat' dir='ltr'>potest</span> <span class='ocrx_word' id='word_1_49' title='bbox 1345 684 1373 713; x_wconf 93' lang='lat' dir='ltr'>a</span> <span class='ocrx_word' id='word_1_50' title='bbox 1403 674 1547 727; x_wconf 85' lang='lat' dir='ltr'>poeta,</span> <span class='ocrx_word' id='word_1_51' title='bbox 1586 668 1665 726; x_wconf 92' lang='lat' dir='ltr'>qui</span> <span class='ocrx_word' id='word_1_52' title='bbox 1694 668 1826 712; x_wconf 81' lang='lat' dir='ltr'>toties</span> <span class='ocrx_word' id='word_1_53' title='bbox 1895 674 1898 687; x_wconf 78' lang='lat'>¹</span> 
     </span>
    </p>
   </div>
   <div class='ocr_carea' id='block_1_6' title="bbox 266 739 1829 1661">
    <p class='ocr_par' dir='ltr' id='par_1_6' title="bbox 266 739 1829 1661">
     <span class='ocr_line' id='line_1_8' title="bbox 267 739 1825 799; baseline -0.001 -13"><span class='ocrx_word' id='word_1_54' title='bbox 267 743 480 799; x_wconf 88' lang='lat' dir='ltr'>queritur,</span> <span class='ocrx_word' id='word_1_55' title='bbox 514 742 636 799; x_wconf 91' lang='lat' dir='ltr'>quod</span> <span class='ocrx_word' id='word_1_56' title='bbox 668 756 830 797; x_wconf 88' lang='lat' dir='ltr'>parum</span> <span class='ocrx_word' id='word_1_57' title='bbox 862 741 1135 786; x_wconf 84' lang='lat' dir='ltr'>reverentiae</span> <span class='ocrx_word' id='word_1_58' title='bbox 1167 755 1194 784; x_wconf 91' lang='lat' dir='ltr'>a</span> <span class='ocrx_word' id='word_1_59' title='bbox 1225 755 1363 798; x_wconf 88' lang='lat' dir='ltr'>puero</span> <span class='ocrx_word' id='word_1_60' title='bbox 1395 746 1543 785; x_wconf 81' lang='lat' dir='ltr'>amato</span> <span class='ocrx_word' id='word_1_61' title='bbox 1575 740 1660 784; x_wconf 90' lang='lat' dir='ltr'>sibi</span> <span class='ocrx_word' id='word_1_62' title='bbox 1690 739 1825 784; x_wconf 88' lang='lat' dir='ltr'>tribu-</span> 
     </span>
     <span class='ocr_line' id='line_1_9' title="bbox 269 810 1826 871; baseline 0.001 -14"><span class='ocrx_word' id='word_1_63' title='bbox 269 819 383 866; x_wconf 84' lang='lat' dir='ltr'>atur,</span> <span class='ocrx_word' id='word_1_64' title='bbox 417 815 470 857; x_wconf 81' lang='lat' dir='ltr'>cf.</span> <span class='ocrx_word' id='word_1_65' title='bbox 494 814 727 858; x_wconf 83' lang='lat'>1265—-66</span> <span class='ocrx_word' id='word_1_66' title='bbox 751 818 794 857; x_wconf 92' lang='lat' dir='ltr'>et</span> <span class='ocrx_word' id='word_1_67' title='bbox 819 814 1064 856; x_wconf 83' lang='lat'>1331—32.</span> <span class='ocrx_word' id='word_1_68' title='bbox 1128 813 1294 856; x_wconf 82' lang='lat' dir='ltr'>Contra</span> <span class='ocrx_word' id='word_1_69' title='bbox 1316 813 1352 856; x_wconf 89' lang='lat' dir='ltr'>si</span> <span class='ocrx_word' id='word_1_70' title='bbox 1374 813 1458 856; x_wconf 94' lang='lat' dir='ltr'>hoc</span> <span class='ocrx_word' id='word_1_71' title='bbox 1489 813 1585 856; x_wconf 93' lang='lat' dir='ltr'>loco</span> <span class='ocrx_word' id='word_1_72' title='bbox 1607 810 1826 871; x_wconf 77' lang='grc' dir='ltr'>κωμάζειν</span> 
     </span>
     <span class='ocr_line' id='line_1_10' title="bbox 266 884 1826 942; baseline 0 -13"><span class='ocrx_word' id='word_1_73' title='bbox 266 886 388 929; x_wconf 90' lang='lat' dir='ltr'>idem</span> <span class='ocrx_word' id='word_1_74' title='bbox 420 900 655 929; x_wconf 84' lang='lat' dir='ltr'>censemus</span> <span class='ocrx_word' id='word_1_75' title='bbox 688 885 951 942; x_wconf 85' lang='lat' dir='ltr'>significare,</span> <span class='ocrx_word' id='word_1_76' title='bbox 985 885 1107 942; x_wconf 92' lang='lat' dir='ltr'>quod</span> <span class='ocrx_word' id='word_1_77' title='bbox 1139 885 1248 928; x_wconf 88' lang='lat' dir='ltr'>alias</span> <span class='ocrx_word' id='word_1_78' title='bbox 1281 885 1404 937; x_wconf 87' lang='lat' dir='ltr'>solet,</span> <span class='ocrx_word' id='word_1_79' title='bbox 1448 884 1583 928; x_wconf 87' lang='lat' dir='ltr'>nimis</span> <span class='ocrx_word' id='word_1_80' title='bbox 1626 884 1826 929; x_wconf 80' lang='lat' dir='ltr'>ieiunam</span> 
     </span>
     <span class='ocr_line' id='line_1_11' title="bbox 269 955 1823 1001; baseline 0 -1"><span class='ocrx_word' id='word_1_81' title='bbox 269 957 626 1001; x_wconf 76' lang='lat' dir='ltr'>adhortationem</span> <span class='ocrx_word' id='word_1_82' title='bbox 658 957 706 1000; x_wconf 92' lang='lat' dir='ltr'>in</span> <span class='ocrx_word' id='word_1_83' title='bbox 737 957 901 1000; x_wconf 88' lang='lat' dir='ltr'>nostris</span> <span class='ocrx_word' id='word_1_84' title='bbox 945 956 1148 1001; x_wconf 89' lang='lat' dir='ltr'>versibus</span> <span class='ocrx_word' id='word_1_85' title='bbox 1188 957 1333 1000; x_wconf 89' lang='lat' dir='ltr'>inesse</span> <span class='ocrx_word' id='word_1_86' title='bbox 1375 955 1714 1000; x_wconf 84' lang='lat' dir='ltr'>concedendum</span> <span class='ocrx_word' id='word_1_87' title='bbox 1744 959 1823 1000; x_wconf 80' lang='lat' dir='ltr'>est.</span> 
     </span>
     <span class='ocr_line' id='line_1_12' title="bbox 268 1026 1826 1086; baseline -0.001 -14"><span class='ocrx_word' id='word_1_88' title='bbox 268 1030 383 1072; x_wconf 88' lang='lat' dir='ltr'>Cum</span> <span class='ocrx_word' id='word_1_89' title='bbox 419 1029 555 1086; x_wconf 88' lang='lat' dir='ltr'>igitur</span> <span class='ocrx_word' id='word_1_90' title='bbox 587 1028 783 1072; x_wconf 89' lang='lat' dir='ltr'>dubitari</span> <span class='ocrx_word' id='word_1_91' title='bbox 829 1043 921 1072; x_wconf 89' lang='lat' dir='ltr'>non</span> <span class='ocrx_word' id='word_1_92' title='bbox 954 1028 1106 1086; x_wconf 86' lang='lat' dir='ltr'>possit,</span> <span class='ocrx_word' id='word_1_93' title='bbox 1153 1028 1265 1085; x_wconf 91' lang='lat' dir='ltr'>quin</span> <span class='ocrx_word' id='word_1_94' title='bbox 1308 1043 1463 1072; x_wconf 88' lang='lat' dir='ltr'>omnes</span> <span class='ocrx_word' id='word_1_95' title='bbox 1494 1028 1542 1071; x_wconf 92' lang='lat' dir='ltr'>hi</span> <span class='ocrx_word' id='word_1_96' title='bbox 1582 1042 1739 1072; x_wconf 82' lang='lat' dir='ltr'>versus</span> <span class='ocrx_word' id='word_1_97' title='bbox 1769 1026 1826 1072; x_wconf 83' lang='lat' dir='ltr'>de</span> 
     </span>
     <span class='ocr_line' id='line_1_13' title="bbox 268 1100 1826 1158; baseline -0.001 -14"><span class='ocrx_word' id='word_1_98' title='bbox 268 1116 418 1144; x_wconf 88' lang='lat' dir='ltr'>amore</span> <span class='ocrx_word' id='word_1_99' title='bbox 450 1101 611 1158; x_wconf 92' lang='lat' dir='ltr'>puerili</span> <span class='ocrx_word' id='word_1_100' title='bbox 646 1100 798 1158; x_wconf 88' lang='lat' dir='ltr'>scripti</span> <span class='ocrx_word' id='word_1_101' title='bbox 831 1101 932 1153; x_wconf 88' lang='lat' dir='ltr'>sint,</span> <span class='ocrx_word' id='word_1_102' title='bbox 973 1100 1183 1158; x_wconf 89' lang='lat' dir='ltr'>permulti</span> <span class='ocrx_word' id='word_1_103' title='bbox 1205 1100 1287 1144; x_wconf 89' lang='lat' dir='ltr'>viri</span> <span class='ocrx_word' id='word_1_104' title='bbox 1311 1100 1443 1153; x_wconf 92' lang='lat' dir='ltr'>docti,</span> <span class='ocrx_word' id='word_1_105' title='bbox 1462 1100 1541 1158; x_wconf 91' lang='lat' dir='ltr'>qui</span> <span class='ocrx_word' id='word_1_106' title='bbox 1578 1100 1712 1144; x_wconf 89' lang='lat' dir='ltr'>talem</span> <span class='ocrx_word' id='word_1_107' title='bbox 1729 1113 1826 1144; x_wconf 85' lang='lat' dir='ltr'>rem</span> 
     </span>
     <span class='ocr_line' id='line_1_14' title="bbox 267 1171 1827 1230; baseline 0 -14"><span class='ocrx_word' id='word_1_108' title='bbox 267 1174 398 1230; x_wconf 91' lang='lat' dir='ltr'>longe</span> <span class='ocrx_word' id='word_1_109' title='bbox 430 1173 624 1217; x_wconf 91' lang='lat' dir='ltr'>alienam</span> <span class='ocrx_word' id='word_1_110' title='bbox 655 1187 682 1215; x_wconf 91' lang='lat' dir='ltr'>a</span> <span class='ocrx_word' id='word_1_111' title='bbox 713 1172 973 1229; x_wconf 87' lang='lat' dir='ltr'>Theognide</span> <span class='ocrx_word' id='word_1_112' title='bbox 1005 1176 1228 1229; x_wconf 84' lang='lat' dir='ltr'>putarent,</span> <span class='ocrx_word' id='word_1_113' title='bbox 1261 1187 1342 1216; x_wconf 88' lang='lat' dir='ltr'>nec</span> <span class='ocrx_word' id='word_1_114' title='bbox 1373 1187 1478 1216; x_wconf 88' lang='lat' dir='ltr'>eum</span> <span class='ocrx_word' id='word_1_115' title='bbox 1509 1172 1620 1216; x_wconf 87' lang='lat' dir='ltr'>tales</span> <span class='ocrx_word' id='word_1_116' title='bbox 1663 1171 1827 1230; x_wconf 72' lang='lat' dir='ltr'>elegias</span> 
     </span>
     <span class='ocr_line' id='line_1_15' title="bbox 268 1243 1827 1302; baseline 0 -14"><span class='ocrx_word' id='word_1_117' title='bbox 268 1259 534 1302; x_wconf 88' lang='lat' dir='ltr'>componere</span> <span class='ocrx_word' id='word_1_118' title='bbox 552 1244 749 1301; x_wconf 89' lang='lat' dir='ltr'>potuisse</span> <span class='ocrx_word' id='word_1_119' title='bbox 766 1244 1008 1296; x_wconf 85' lang='lat' dir='ltr'>crederent,</span> <span class='ocrx_word' id='word_1_120' title='bbox 1031 1248 1187 1301; x_wconf 86' lang='lat' dir='ltr'>poetae</span> <span class='ocrx_word' id='word_1_121' title='bbox 1209 1244 1460 1301; x_wconf 88' lang='lat' dir='ltr'>Megarensi</span> <span class='ocrx_word' id='word_1_122' title='bbox 1475 1243 1827 1288; x_wconf 65' lang='lat' dir='ltr'>abiudicandum</span> 
     </span>
     <span class='ocr_line' id='line_1_16' title="bbox 267 1315 1829 1374; baseline -0.001 -14"><span class='ocrx_word' id='word_1_123' title='bbox 267 1331 361 1360; x_wconf 89' lang='lat' dir='ltr'>esse</span> <span class='ocrx_word' id='word_1_124' title='bbox 393 1321 537 1360; x_wconf 90' lang='lat' dir='ltr'>totum</span> <span class='ocrx_word' id='word_1_125' title='bbox 567 1316 733 1359; x_wconf 88' lang='lat' dir='ltr'>librum</span> <span class='ocrx_word' id='word_1_126' title='bbox 757 1322 799 1360; x_wconf 92' lang='lat' dir='ltr'><em>B</em></span> <span class='ocrx_word' id='word_1_127' title='bbox 829 1316 1211 1359; x_wconf 87' lang='lat' dir='ltr'>existimaverunt.</span> <span class='ocrx_word' id='word_1_128' title='bbox 1275 1316 1478 1367; x_wconf 80' lang='lat' dir='ltr'>Quorum</span> <span class='ocrx_word' id='word_1_129' title='bbox 1510 1330 1674 1374; x_wconf 84' lang='lat' dir='ltr'>agmen</span> <span class='ocrx_word' id='word_1_130' title='bbox 1704 1315 1829 1361; x_wconf 83' lang='lat' dir='ltr'>ducit</span> 
     </span>
     <span class='ocr_line' id='line_1_17' title="bbox 269 1382 1828 1446; baseline -0.001 -14"><span class='ocrx_word' id='word_1_131' title='bbox 269 1382 542 1441; x_wconf 85' lang='lat' dir='ltr'>Welckerus,</span> <span class='ocrx_word' id='word_1_132' title='bbox 576 1388 654 1445; x_wconf 92' lang='lat' dir='ltr'>qui</span> <span class='ocrx_word' id='word_1_133' title='bbox 687 1402 791 1432; x_wconf 91' lang='lat' dir='ltr'>cum</span> <span class='ocrx_word' id='word_1_134' title='bbox 822 1392 974 1431; x_wconf 89' lang='lat' dir='ltr'>nostro</span> <span class='ocrx_word' id='word_1_135' title='bbox 1016 1387 1127 1431; x_wconf 88' lang='lat' dir='ltr'>libro</span> <span class='ocrx_word' id='word_1_136' title='bbox 1161 1394 1203 1431; x_wconf 93' lang='lat' dir='ltr'><strong><em>B</em></strong></span> <span class='ocrx_word' id='word_1_137' title='bbox 1235 1389 1288 1431; x_wconf 89' lang='lat'>16</span> <span class='ocrx_word' id='word_1_138' title='bbox 1330 1402 1486 1432; x_wconf 89' lang='lat' dir='ltr'>versus</span> <span class='ocrx_word' id='word_1_139' title='bbox 1518 1387 1678 1445; x_wconf 83' lang='lat' dir='ltr'>prioris</span> <span class='ocrx_word' id='word_1_140' title='bbox 1710 1386 1828 1446; x_wconf 88' lang='lat' dir='ltr'>(libri</span> 
     </span>
     <span class='ocr_line' id='line_1_18' title="bbox 268 1459 1829 1519; baseline -0.001 -16"><span class='ocrx_word' id='word_1_141' title='bbox 268 1460 488 1519; x_wconf 81' lang='lat'>(959—62</span> <span class='ocrx_word' id='word_1_142' title='bbox 511 1464 554 1503; x_wconf 92' lang='lat' dir='ltr'>et</span> <span class='ocrx_word' id='word_1_143' title='bbox 582 1459 888 1518; x_wconf 82' lang='lat'>1091—1102)</span> <span class='ocrx_word' id='word_1_144' title='bbox 919 1459 1165 1509; x_wconf 82' lang='lat' dir='ltr'>coniunxit,</span> <span class='ocrx_word' id='word_1_145' title='bbox 1197 1474 1311 1516; x_wconf 89' lang='lat' dir='ltr'>quos</span> <span class='ocrx_word' id='word_1_146' title='bbox 1341 1474 1434 1503; x_wconf 91' lang='lat' dir='ltr'>non</span> <span class='ocrx_word' id='word_1_147' title='bbox 1464 1459 1616 1503; x_wconf 91' lang='lat' dir='ltr'>minus</span> <span class='ocrx_word' id='word_1_148' title='bbox 1646 1462 1829 1517; x_wconf 71' lang='lat' dir='ltr'>propter</span> 
     </span>
     <span class='ocr_line' id='line_1_19' title="bbox 267 1530 1828 1589; baseline -0.001 -14"><span class='ocrx_word' id='word_1_149' title='bbox 267 1533 497 1589; x_wconf 90' lang='lat' dir='ltr'>impurum</span> <span class='ocrx_word' id='word_1_150' title='bbox 530 1546 729 1575; x_wconf 86' lang='lat' dir='ltr'>amorem</span> <span class='ocrx_word' id='word_1_151' title='bbox 760 1531 991 1588; x_wconf 88' lang='lat' dir='ltr'>puerilem,</span> <span class='ocrx_word' id='word_1_152' title='bbox 1025 1531 1079 1574; x_wconf 90' lang='lat' dir='ltr'>de</span> <span class='ocrx_word' id='word_1_153' title='bbox 1113 1546 1203 1588; x_wconf 91' lang='lat' dir='ltr'>quo</span> <span class='ocrx_word' id='word_1_154' title='bbox 1235 1531 1284 1574; x_wconf 88' lang='lat' dir='ltr'>in</span> <span class='ocrx_word' id='word_1_155' title='bbox 1315 1531 1370 1575; x_wconf 88' lang='lat' dir='ltr'>iis</span> <span class='ocrx_word' id='word_1_156' title='bbox 1391 1535 1563 1588; x_wconf 87' lang='lat' dir='ltr'>agatur,</span> <span class='ocrx_word' id='word_1_157' title='bbox 1595 1530 1828 1588; x_wconf 88' lang='lat' dir='ltr'>seiungen-</span> 
     </span>
     <span class='ocr_line' id='line_1_20' title="bbox 268 1602 1311 1661; baseline -0.001 -14"><span class='ocrx_word' id='word_1_158' title='bbox 268 1604 349 1647; x_wconf 91' lang='lat' dir='ltr'>dos</span> <span class='ocrx_word' id='word_1_159' title='bbox 381 1618 476 1648; x_wconf 90' lang='lat' dir='ltr'>esse</span> <span class='ocrx_word' id='word_1_160' title='bbox 508 1618 533 1647; x_wconf 88' lang='lat' dir='ltr'>a</span> <span class='ocrx_word' id='word_1_161' title='bbox 566 1603 749 1661; x_wconf 90' lang='lat' dir='ltr'>reliquis</span> <span class='ocrx_word' id='word_1_162' title='bbox 781 1603 933 1660; x_wconf 87' lang='lat' dir='ltr'>elegiis</span> <span class='ocrx_word' id='word_1_163' title='bbox 964 1602 1066 1647; x_wconf 89' lang='lat' dir='ltr'>libri</span> <span class='ocrx_word' id='word_1_164' title='bbox 1096 1609 1143 1648; x_wconf 87' lang='lat' dir='ltr'><em>A</em></span> <span class='ocrx_word' id='word_1_165' title='bbox 1172 1606 1311 1660; x_wconf 89' lang='lat' dir='ltr'>putat.</span> 
     </span>
    </p>
   </div>
   <div class='ocr_carea' id='block_1_7' title="bbox 268 1697 1835 3048">
    <p class='ocr_par' dir='ltr' id='par_1_7' title="bbox 268 1697 1832 2485">
     <span class='ocr_line' id='line_1_21' title="bbox 410 1697 1825 1756; baseline -0.001 -13"><span class='ocrx_word' id='word_1_166' title='bbox 410 1700 583 1743; x_wconf 88' lang='lat' dir='ltr'>Nostris</span> <span class='ocrx_word' id='word_1_167' title='bbox 625 1699 902 1756; x_wconf 89' lang='lat' dir='ltr'>temporibus</span> <span class='ocrx_word' id='word_1_168' title='bbox 932 1699 1156 1742; x_wconf 87' lang='lat' dir='ltr'>uberrime</span> <span class='ocrx_word' id='word_1_169' title='bbox 1197 1699 1251 1742; x_wconf 92' lang='lat' dir='ltr'>de</span> <span class='ocrx_word' id='word_1_170' title='bbox 1290 1698 1402 1742; x_wconf 88' lang='lat' dir='ltr'>libro</span> <span class='ocrx_word' id='word_1_171' title='bbox 1434 1705 1477 1743; x_wconf 92' lang='lat' dir='ltr'><em>B</em></span> <span class='ocrx_word' id='word_1_172' title='bbox 1517 1699 1608 1755; x_wconf 88' lang='lat' dir='ltr'>egit</span> <span class='ocrx_word' id='word_1_173' title='bbox 1637 1698 1691 1742; x_wconf 91' lang='lat' dir='ltr'>A.</span> <span class='ocrx_word' id='word_1_174' title='bbox 1724 1697 1825 1742; x_wconf 87' lang='lat' dir='ltr'>Cor-</span> 
     </span>
     <span class='ocr_line' id='line_1_22' title="bbox 268 1770 1827 1829; baseline -0.001 -13"><span class='ocrx_word' id='word_1_175' title='bbox 268 1787 382 1816; x_wconf 91' lang='lat' dir='ltr'>senn</span> <span class='ocrx_word' id='word_1_176' title='bbox 411 1772 460 1815; x_wconf 90' lang='lat' dir='ltr'>in</span> <span class='ocrx_word' id='word_1_177' title='bbox 492 1771 830 1829; x_wconf 87' lang='lat' dir='ltr'>quaestionibus</span> <span class='ocrx_word' id='word_1_178' title='bbox 862 1770 1162 1828; x_wconf 86' lang='lat' dir='ltr'>Theognideis</span> <span class='ocrx_word' id='word_1_179' title='bbox 1196 1771 1259 1828; x_wconf 85' lang='lat' dir='ltr'>(in</span> <span class='ocrx_word' id='word_1_180' title='bbox 1290 1774 1620 1828; x_wconf 84' lang='lat' dir='ltr'>programmate</span> <span class='ocrx_word' id='word_1_181' title='bbox 1652 1770 1827 1814; x_wconf 81' lang='lat' dir='ltr'>Geeste-</span> 
     </span>
     <span class='ocr_line' id='line_1_23' title="bbox 269 1841 1828 1902; baseline -0.001 -15"><span class='ocrx_word' id='word_1_182' title='bbox 269 1843 535 1887; x_wconf 88' lang='lat' dir='ltr'>muendensi</span> <span class='ocrx_word' id='word_1_183' title='bbox 579 1843 721 1902; x_wconf 84' lang='lat'>1887),</span> <span class='ocrx_word' id='word_1_184' title='bbox 755 1843 835 1900; x_wconf 91' lang='lat' dir='ltr'>qui</span> <span class='ocrx_word' id='word_1_185' title='bbox 866 1843 935 1887; x_wconf 88' lang='lat' dir='ltr'>vir</span> <span class='ocrx_word' id='word_1_186' title='bbox 976 1842 1132 1886; x_wconf 92' lang='lat' dir='ltr'>doctus</span> <span class='ocrx_word' id='word_1_187' title='bbox 1175 1842 1399 1900; x_wconf 88' lang='lat' dir='ltr'>permulta</span> <span class='ocrx_word' id='word_1_188' title='bbox 1440 1842 1628 1899; x_wconf 81' lang='lat' dir='ltr'>collegit,</span> <span class='ocrx_word' id='word_1_189' title='bbox 1662 1841 1828 1899; x_wconf 85' lang='lat' dir='ltr'>quibus</span> 
     </span>
     <span class='ocr_line' id='line_1_24' title="bbox 270 1913 1827 1972; baseline -0.001 -14"><span class='ocrx_word' id='word_1_190' title='bbox 270 1915 560 1972; x_wconf 90' lang='lat' dir='ltr'>comprobare</span> <span class='ocrx_word' id='word_1_191' title='bbox 592 1915 740 1958; x_wconf 88' lang='lat' dir='ltr'>studet</span> <span class='ocrx_word' id='word_1_192' title='bbox 772 1919 964 1972; x_wconf 89' lang='lat' dir='ltr'>poetam,</span> <span class='ocrx_word' id='word_1_193' title='bbox 997 1915 1076 1972; x_wconf 91' lang='lat' dir='ltr'>qui</span> <span class='ocrx_word' id='word_1_194' title='bbox 1108 1914 1398 1972; x_wconf 83' lang='lat' dir='ltr'>posteriorem</span> <span class='ocrx_word' id='word_1_195' title='bbox 1448 1913 1614 1957; x_wconf 88' lang='lat' dir='ltr'>librum</span> <span class='ocrx_word' id='word_1_196' title='bbox 1651 1927 1827 1971; x_wconf 88' lang='lat' dir='ltr'>compo·</span> 
     </span>
     <span class='ocr_line' id='line_1_25' title="bbox 274 1985 1828 2044; baseline -0.001 -14"><span class='ocrx_word' id='word_1_197' title='bbox 274 1987 424 2040; x_wconf 88' lang='lat' dir='ltr'>suerit,</span> <span class='ocrx_word' id='word_1_198' title='bbox 458 1987 718 2044; x_wconf 90' lang='lat' dir='ltr'>quicunque</span> <span class='ocrx_word' id='word_1_199' title='bbox 740 1987 886 2040; x_wconf 80' lang='lat' dir='ltr'>fuerit,</span> <span class='ocrx_word' id='word_1_200' title='bbox 912 1991 1014 2030; x_wconf 88' lang='lat' dir='ltr'>ante</span> <span class='ocrx_word' id='word_1_201' title='bbox 1037 1986 1188 2030; x_wconf 89' lang='lat' dir='ltr'>oculos</span> <span class='ocrx_word' id='word_1_202' title='bbox 1211 1986 1423 2030; x_wconf 87' lang='lat' dir='ltr'>habuisse</span> <span class='ocrx_word' id='word_1_203' title='bbox 1446 1986 1639 2043; x_wconf 89' lang='lat' dir='ltr'>priorem</span> <span class='ocrx_word' id='word_1_204' title='bbox 1662 1985 1828 2029; x_wconf 89' lang='lat' dir='ltr'>librum</span> 
     </span>
     <span class='ocr_line' id='line_1_26' title="bbox 273 2057 1829 2116; baseline -0.001 -13"><span class='ocrx_word' id='word_1_205' title='bbox 273 2064 316 2103; x_wconf 93' lang='lat' dir='ltr'>et</span> <span class='ocrx_word' id='word_1_206' title='bbox 347 2059 406 2102; x_wconf 88' lang='lat' dir='ltr'>ad</span> <span class='ocrx_word' id='word_1_207' title='bbox 437 2059 532 2102; x_wconf 86' lang='lat' dir='ltr'>eius</span> <span class='ocrx_word' id='word_1_208' title='bbox 565 2059 822 2116; x_wconf 84' lang='lat' dir='ltr'>exemplum</span> <span class='ocrx_word' id='word_1_209' title='bbox 854 2073 958 2102; x_wconf 88' lang='lat' dir='ltr'>suos</span> <span class='ocrx_word' id='word_1_210' title='bbox 979 2073 1136 2103; x_wconf 86' lang='lat' dir='ltr'>versus</span> <span class='ocrx_word' id='word_1_211' title='bbox 1168 2058 1486 2116; x_wconf 87' lang='lat' dir='ltr'>composuisse.</span> <span class='ocrx_word' id='word_1_212' title='bbox 1549 2057 1643 2102; x_wconf 89' lang='lat' dir='ltr'>Nec</span> <span class='ocrx_word' id='word_1_213' title='bbox 1673 2057 1829 2114; x_wconf 75' lang='lat' dir='ltr'>negafi</span> 
     </span>
     <span class='ocr_line' id='line_1_27' title="bbox 274 2129 1832 2188; baseline -0.001 -14"><span class='ocrx_word' id='word_1_214' title='bbox 274 2135 420 2188; x_wconf 87' lang='lat' dir='ltr'>potest</span> <span class='ocrx_word' id='word_1_215' title='bbox 459 2145 674 2187; x_wconf 87' lang='lat' dir='ltr'>magnam</span> <span class='ocrx_word' id='word_1_216' title='bbox 717 2131 1060 2174; x_wconf 88' lang='lat' dir='ltr'>similitudinem</span> <span class='ocrx_word' id='word_1_217' title='bbox 1092 2131 1138 2173; x_wconf 92' lang='lat' dir='ltr'>in</span> <span class='ocrx_word' id='word_1_218' title='bbox 1186 2129 1508 2187; x_wconf 87' lang='lat' dir='ltr'>componendis</span> <span class='ocrx_word' id='word_1_219' title='bbox 1551 2129 1756 2174; x_wconf 83' lang='lat' dir='ltr'>versibus</span> <span class='ocrx_word' id='word_1_220' title='bbox 1786 2132 1832 2172; x_wconf 88' lang='lat' dir='ltr'>et</span> 
     </span>
     <span class='ocr_line' id='line_1_28' title="bbox 271 2200 1831 2259; baseline -0.001 -13"><span class='ocrx_word' id='word_1_221' title='bbox 271 2203 460 2259; x_wconf 86' lang='lat' dir='ltr'>singulis</span> <span class='ocrx_word' id='word_1_222' title='bbox 502 2202 733 2247; x_wconf 87' lang='lat' dir='ltr'>vocabulis</span> <span class='ocrx_word' id='word_1_223' title='bbox 773 2203 1041 2246; x_wconf 88' lang='lat' dir='ltr'>adhibendis</span> <span class='ocrx_word' id='word_1_224' title='bbox 1081 2202 1353 2246; x_wconf 86' lang='lat' dir='ltr'>intercedere</span> <span class='ocrx_word' id='word_1_225' title='bbox 1393 2202 1510 2244; x_wconf 89' lang='lat' dir='ltr'>inter</span> <span class='ocrx_word' id='word_1_226' title='bbox 1549 2201 1662 2245; x_wconf 87' lang='lat' dir='ltr'>duos</span> <span class='ocrx_word' id='word_1_227' title='bbox 1694 2200 1831 2245; x_wconf 83' lang='lat' dir='ltr'>libms</span> 
     </span>
     <span class='ocr_line' id='line_1_29' title="bbox 270 2274 1562 2332; baseline -0.002 -15"><span class='ocrx_word' id='word_1_228' title='bbox 270 2279 319 2317; x_wconf 92' lang='lat' dir='ltr'>ut</span> <span class='ocrx_word' id='word_1_229' title='bbox 350 2289 385 2318; x_wconf 93' lang='lat' dir='ltr'>e.</span> <span class='ocrx_word' id='word_1_230' title='bbox 420 2289 483 2331; x_wconf 88' lang='lat' dir='ltr'>gr.</span> <span class='ocrx_word' id='word_1_231' title='bbox 519 2274 743 2318; x_wconf 88' lang='lat' dir='ltr'>simillime</span> <span class='ocrx_word' id='word_1_232' title='bbox 775 2275 1010 2332; x_wconf 91' lang='lat' dir='ltr'>compositi</span> <span class='ocrx_word' id='word_1_233' title='bbox 1044 2279 1149 2317; x_wconf 90' lang='lat' dir='ltr'>sunt</span> <span class='ocrx_word' id='word_1_234' title='bbox 1180 2289 1220 2318; x_wconf 91' lang='lat' dir='ltr'>v.</span> <span class='ocrx_word' id='word_1_235' title='bbox 1258 2274 1562 2317; x_wconf 81' lang='lat'>1233—-1234.</span> 
     </span>
     <span class='ocr_line' id='line_1_30' title="bbox 484 2344 1690 2405; baseline 0 -14"><span class='ocrx_word' id='word_1_236' title='bbox 484 2344 619 2391; x_wconf 69' lang='grc' dir='ltr'><strong><em>ὤλετο</em></strong></span> <span class='ocrx_word' id='word_1_237' title='bbox 652 2348 688 2392; x_wconf 79' lang='grc' dir='ltr'>δ’</span> <span class='ocrx_word' id='word_1_238' title='bbox 721 2347 926 2405; x_wconf 78' lang='grc' dir='ltr'>Αἷγείδης</span> <span class='ocrx_word' id='word_1_239' title='bbox 961 2347 1126 2405; x_wconf 76' lang='grc' dir='ltr'><strong><em>Θησεύς</em></strong></span> <span class='ocrx_word' id='word_1_240' title='bbox 1155 2354 1301 2402; x_wconf 77' lang='grc' dir='ltr'><em>μέγας,</em></span> <span class='ocrx_word' id='word_1_241' title='bbox 1337 2345 1468 2391; x_wconf 74' lang='grc' dir='ltr'><strong><em>ὤλετο</em></strong></span> <span class='ocrx_word' id='word_1_242' title='bbox 1501 2348 1539 2390; x_wconf 82' lang='grc' dir='ltr'>δ’</span> <span class='ocrx_word' id='word_1_243' title='bbox 1573 2350 1690 2396; x_wconf 76' lang='grc' dir='ltr'><strong><em>Αἴας</em></strong></span> 
     </span>
     <span class='ocr_line' id='line_1_31' title="bbox 484 2415 1384 2485; baseline -0.001 -23"><span class='ocrx_word' id='word_1_244' title='bbox 484 2418 644 2469; x_wconf 63' lang='grc' dir='ltr'><strong><em>ἐσθλὸς</em></strong></span> <span class='ocrx_word' id='word_1_245' title='bbox 675 2415 896 2477; x_wconf 79' lang='grc' dir='ltr'><strong><em>Ὀϊλιάδης</em></strong></span> <span class='ocrx_word' id='word_1_246' title='bbox 927 2423 1050 2485; x_wconf 77' lang='grc' dir='ltr'><strong><em>σῇσιν</em></strong></span> <span class='ocrx_word' id='word_1_247' title='bbox 1081 2418 1384 2468; x_wconf 71' lang='grc' dir='ltr'><strong><em>α’τασθαλίαις</em></strong></span> 
     </span>
    </p>

    <p class='ocr_par' dir='ltr' id='par_1_8' title="bbox 273 2490 1726 2695">
     <span class='ocr_line' id='line_1_32' title="bbox 273 2490 538 2534; baseline -0.004 -1"><span class='ocrx_word' id='word_1_248' title='bbox 273 2494 317 2533; x_wconf 87' lang='lat' dir='ltr'>et</span> <span class='ocrx_word' id='word_1_249' title='bbox 347 2505 389 2534; x_wconf 92' lang='lat' dir='ltr'>v.</span> <span class='ocrx_word' id='word_1_250' title='bbox 428 2490 538 2533; x_wconf 84' lang='lat'>1137</span> 
     </span>
     <span class='ocr_line' id='line_1_33' title="bbox 486 2558 1726 2622; baseline 0 -16"><span class='ocrx_word' id='word_1_251' title='bbox 486 2561 624 2620; x_wconf 67' lang='grc' dir='ltr'><strong>(ἔχετο</strong></span> <span class='ocrx_word' id='word_1_252' title='bbox 654 2567 738 2619; x_wconf 67' lang='grc' dir='ltr'>μὲν</span> <span class='ocrx_word' id='word_1_253' title='bbox 769 2571 925 2614; x_wconf 82' lang='grc' dir='ltr'><strong><em>πίστις,</em></strong></span> <span class='ocrx_word' id='word_1_254' title='bbox 957 2561 1124 2620; x_wconf 78' lang='grc' dir='ltr'><em>μεγάλη</em></span> <span class='ocrx_word' id='word_1_255' title='bbox 1156 2562 1277 2615; x_wconf 73' lang='grc' dir='ltr'><em>θεός,</em></span> <span class='ocrx_word' id='word_1_256' title='bbox 1311 2558 1447 2622; x_wconf 68' lang='grc' dir='ltr'><strong><em>ᾤχετο</em></strong></span> <span class='ocrx_word' id='word_1_257' title='bbox 1480 2563 1517 2606; x_wconf 80' lang='grc' dir='ltr'>δ’</span> <span class='ocrx_word' id='word_1_258' title='bbox 1551 2561 1726 2621; x_wconf 72' lang='grc' dir='ltr'>ἆνὸρόν</span> 
     </span>
     <span class='ocr_line' id='line_1_34' title="bbox 486 2635 747 2695; baseline 0.004 -15"><span class='ocrx_word' id='word_1_259' title='bbox 486 2635 747 2695; x_wconf 74' lang='grc' dir='ltr'><strong><em>σωφροσύνη,</em></strong></span> 
     </span>
    </p>

    <p class='ocr_par' dir='ltr' id='par_1_9' title="bbox 271 2703 1730 2843">
     <span class='ocr_line' id='line_1_35' title="bbox 271 2703 1730 2763; baseline -0.001 -12"><span class='ocrx_word' id='word_1_260' title='bbox 271 2721 313 2751; x_wconf 88' lang='lat' dir='ltr'>V.</span> <span class='ocrx_word' id='word_1_261' title='bbox 342 2706 451 2750; x_wconf 81' lang='lat'>1237</span> <span class='ocrx_word' id='word_1_262' title='bbox 1183 2703 1349 2762; x_wconf 75' lang='grc' dir='ltr'><strong><em>θῦμιον</em></strong></span> <span class='ocrx_word' id='word_1_263' title='bbox 1380 2705 1430 2751; x_wconf 75' lang='grc' dir='ltr'>οὗ</span> <span class='ocrx_word' id='word_1_264' title='bbox 1460 2724 1526 2750; x_wconf 82' lang='grc' dir='ltr'>τοι</span> <span class='ocrx_word' id='word_1_265' title='bbox 1558 2704 1730 2763; x_wconf 68' lang='grc' dir='ltr'>ἀνάγκη</span> 
     </span>
     <span class='ocr_line' id='line_1_36' title="bbox 485 2772 1501 2843; baseline 0 -21"><span class='ocrx_word' id='word_1_266' title='bbox 485 2781 616 2824; x_wconf 74' lang='grc' dir='ltr'><strong><em>τοῦθ’</em></strong></span> <span class='ocrx_word' id='word_1_267' title='bbox 647 2779 798 2838; x_wconf 80' lang='grc' dir='ltr'><strong><em>ἕρδειν,</em></strong></span> <span class='ocrx_word' id='word_1_268' title='bbox 833 2777 859 2822; x_wconf 75' lang='grc'>3</span> <span class='ocrx_word' id='word_1_269' title='bbox 889 2796 931 2823; x_wconf 84' lang='grc' dir='ltr'>τι</span> <span class='ocrx_word' id='word_1_270' title='bbox 964 2793 1028 2822; x_wconf 90' lang='grc' dir='ltr'>σοι</span> <span class='ocrx_word' id='word_1_271' title='bbox 1060 2777 1118 2834; x_wconf 76' lang='grc' dir='ltr'>μή</span> <span class='ocrx_word' id='word_1_272' title='bbox 1151 2775 1440 2834; x_wconf 71' lang='grc' dir='ltr'><strong><em>καταθμύιον</em></strong></span> <span class='ocrx_word' id='word_1_273' title='bbox 1472 2772 1501 2843; x_wconf 73' lang='grc' dir='ltr'><strong><em>ᾖ</em></strong></span> 
     </span>
    </p>

    <p class='ocr_par' dir='ltr' id='par_1_10' title="bbox 273 2844 1724 2986">
     <span class='ocr_line' id='line_1_37' title="bbox 273 2844 1724 2915; baseline 0.001 -23"><span class='ocrx_word' id='word_1_274' title='bbox 273 2853 377 2893; x_wconf 87' lang='lat' dir='ltr'>etv.</span> <span class='ocrx_word' id='word_1_275' title='bbox 405 2850 516 2892; x_wconf 88' lang='grc'><strong>1086</strong></span> <span class='ocrx_word' id='word_1_276' title='bbox 1344 2844 1424 2915; x_wconf 75' lang='grc' dir='ltr'>ᾔού</span> <span class='ocrx_word' id='word_1_277' title='bbox 1456 2849 1541 2909; x_wconf 74' lang='grc' dir='ltr'>γὰρ</span> <span class='ocrx_word' id='word_1_278' title='bbox 1573 2847 1724 2913; x_wconf 66' lang='grc' dir='ltr'><strong><em>ἐπίστῃ</em></strong></span> 
     </span>
     <span class='ocr_line' id='line_1_38' title="bbox 485 2916 1511 2986; baseline -0.002 -21"><span class='ocrx_word' id='word_1_279' title='bbox 485 2925 611 2966; x_wconf 75' lang='grc' dir='ltr'>τοῦθ’</span> <span class='ocrx_word' id='word_1_280' title='bbox 645 2922 794 2981; x_wconf 78' lang='grc' dir='ltr'><strong><em>ἕρδειν,</em></strong></span> <span class='ocrx_word' id='word_1_281' title='bbox 828 2920 854 2966; x_wconf 74' lang='grc' dir='ltr'>δ’</span> <span class='ocrx_word' id='word_1_282' title='bbox 885 2940 926 2966; x_wconf 83' lang='grc' dir='ltr'>τι</span> <span class='ocrx_word' id='word_1_283' title='bbox 961 2935 1024 2965; x_wconf 87' lang='grc' dir='ltr'>σοι</span> <span class='ocrx_word' id='word_1_284' title='bbox 1061 2921 1118 2978; x_wconf 76' lang='grc' dir='ltr'>μὴ</span> <span class='ocrx_word' id='word_1_285' title='bbox 1152 2921 1440 2978; x_wconf 73' lang='grc' dir='ltr'><strong><em>καταθύμιον</em></strong></span> <span class='ocrx_word' id='word_1_286' title='bbox 1471 2916 1511 2986; x_wconf 68' lang='grc' dir='ltr'>ᾗ.</span> 
     </span>
    </p>

    <p class='ocr_par' dir='ltr' id='par_1_11' title="bbox 274 2990 1835 3048">
     <span class='ocr_line' id='line_1_39' title="bbox 274 2990 1835 3048; baseline 0 -13"><span class='ocrx_word' id='word_1_287' title='bbox 274 2992 428 3035; x_wconf 89' lang='lat' dir='ltr'>Plures</span> <span class='ocrx_word' id='word_1_288' title='bbox 475 2992 592 3034; x_wconf 92' lang='lat' dir='ltr'>locos</span> <span class='ocrx_word' id='word_1_289' title='bbox 634 2993 792 3034; x_wconf 82' lang='lat' dir='ltr'>afferre</span> <span class='ocrx_word' id='word_1_290' title='bbox 836 3007 926 3034; x_wconf 89' lang='lat' dir='ltr'>non</span> <span class='ocrx_word' id='word_1_291' title='bbox 971 2992 1271 3035; x_wconf 85' lang='lat' dir='ltr'>necessarium</span> <span class='ocrx_word' id='word_1_292' title='bbox 1316 3006 1411 3035; x_wconf 91' lang='lat' dir='ltr'>esse</span> <span class='ocrx_word' id='word_1_293' title='bbox 1452 2995 1584 3048; x_wconf 88' lang='lat' dir='ltr'>puto;</span> <span class='ocrx_word' id='word_1_294' title='bbox 1618 2990 1697 3047; x_wconf 91' lang='lat' dir='ltr'>qui</span> <span class='ocrx_word' id='word_1_295' title='bbox 1741 3004 1835 3035; x_wconf 85' lang='lat' dir='ltr'>rem</span> 
     </span>
    </p>
   </div>
  </div>
 </body>
</html>
