1898 3418
738 203 999 248 -5-

93 332 409 383 „manifestum
441 337 507 377 est
526 334 636 377 haec
659 334 748 377 duo
771 334 960 378 disticha
981 334 1053 392 (sc.
1082 351 1123 379 v.
1161 336 1272 379 1238
1295 335 1350 379 ab
1372 340 1415 379 et
1441 337 1552 380 1240
1573 336 1645 394 ab)

11 436 19 443 .
90 404 338 447 arctissima
368 405 693 448 necessitudine
724 405 876 449 iuncta
909 420 1015 458 esse,
1049 421 1155 450 nam
1192 410 1358 459 λέξουσι
1389 407 1446 451 ad
1478 408 1645 460 δειλούς

91 476 359 534 ἀνθρώπους
390 490 453 519 vs.
494 477 604 519 1152
638 481 703 519 est
734 477 1029 520 referendum.
1078 478 1234 535 Itaque
1266 479 1417 535 ecloga
1447 493 1551 522 cum
1572 479 1645 522 hic

88 546 261 602 integra
282 551 411 598 extet,
445 562 578 590 suum
599 547 769 590 obtinet
800 548 960 600 locum,
1002 549 1121 592 unde
1149 550 1266 593 male
1298 550 1478 593 sedulus
1508 550 1644 593 homo

90 618 214 673 prius
246 617 462 661 distichon
496 618 650 660 libroI
681 618 879 662 inseruit.
891 637 907 657 «
934 620 1195 664 Rectissime
1227 621 1410 678 quidem
1441 621 1513 664 ille
1538 621 1644 664 dicit

89 688 197 731 haec
219 688 307 731 duo
330 689 518 732 disticha
539 689 686 732 dirimi
709 705 800 732 non
818 705 959 746 posse,
987 692 1058 734 cui
1089 706 1296 735 assensus
1319 696 1385 735 est
1405 692 1475 734 Fr.
1500 692 1644 735 Cauer

88 759 136 801 in
168 759 326 802 studiis
347 760 647 816 Theognideis
679 761 725 803 in
748 761 903 804 Philol.
928 763 1013 806 vol.
1047 763 1104 806 50
1126 778 1226 820 pag.
1250 764 1349 816 543,
1382 763 1642 820 praesertim

87 844 190 873 cum
221 831 269 873 in
301 831 503 874 versibus

299 901 486 946 πολλάκι
517 922 583 947 τοι
616 905 722 962 παρ’
753 906 849 961 ἐμοὶ
879 906 994 949 navo?
1028 906 1102 951 σοῦ
1134 908 1301 958 λέξουσι
1330 907 1502 963 μάταια

300 980 376 1019 καῖ
408 976 531 1034 παρά
567 981 632 1019 σοῐ
663 975 759 1020 κατ’
791 975 910 1033 saofi·
946 980 1034 1022 τῶν
1066 978 1113 1022 δὲ
1144 975 1194 1022 σύ
1225 977 1284 1034 μή
1321 980 1452 1030 ζυνίει

87 1057 123 1098 si
155 1057 342 1100 seiuncti
359 1057 415 1100 ab
434 1057 797 1101 antecedentibus
817 1059 1038 1115 leguntur,
1057 1060 1323 1116 nesciamus,
1342 1060 1419 1116 qui
1436 1060 1641 1104 homines

86 1132 240 1184 poetae
263 1129 541 1172 maledicturi
564 1130 663 1171 sint.
690 1129 821 1180 Quod
842 1134 991 1173 autem
1014 1131 1231 1187 Bergkius
1253 1131 1360 1174 dicit
1381 1131 1436 1175 de
1458 1132 1641 1175 homine

85 1200 199 1242 male
231 1200 397 1252 sedulo,
421 1201 499 1256 qui
521 1201 644 1257 prius
666 1201 887 1244 distichon
908 1202 955 1244 in
968 1202 1132 1245 librum
1148 1209 1194 1247 A
1223 1217 1278 1246 ex
1308 1202 1420 1246 libro
1460 1210 1503 1247 B
1529 1204 1640 1247 inse-

38 1314 44 1318 ,
85 1271 233 1322 ruerit,
256 1286 411 1314 vereor
431 1286 487 1314 ne
509 1286 714 1328 perverse
736 1273 901 1315 iudicet
921 1273 990 1316 vir
1011 1273 1178 1316 doctus.
1214 1274 1325 1325 Quis
1346 1274 1478 1326 enim,
1497 1275 1575 1331 qui
1592 1275 1640 1318 in

84 1341 195 1384 libro
213 1347 249 1384 Β
260 1342 348 1385 duo
358 1342 546 1385 disticha
558 1344 723 1399 optime
735 1344 1025 1400 congruentia
1035 1345 1210 1400 legeret,
1220 1345 1409 1388 alterum
1419 1345 1467 1387 in
1474 1345 1637 1388 librum

84 1419 129 1456 A
135 1418 455 1470 transponeret,
466 1415 725 1470 praesertim
733 1415 778 1457 in
788 1415 936 1458 locum
949 1419 1041 1458 tam
1052 1416 1167 1458 male
1179 1420 1348 1472 aptum,
1360 1417 1539 1473 qualem
1555 1417 1639 1461 hoc

84 1484 305 1527 distichon
327 1485 374 1527 in
396 1485 508 1528 libro
530 1485 675 1542 priore
699 1486 898 1529 obtinet?
943 1486 1177 1530 Antecedit
1202 1487 1321 1530 enim
1345 1488 1451 1530 satis
1473 1503 1639 1545 magna

85 1556 225 1612 elegia
246 1557 399 1599 1135-
421 1558 490 1607 50,
514 1571 605 1613 qua
625 1561 757 1613 poeta
777 1558 990 1613 queritur,
1014 1558 1134 1613 quod
1157 1558 1266 1601 fides
1288 1563 1331 1601 et
1347 1560 1596 1603 constantia
1616 1575 1639 1603 e

84 1627 255 1670 mundo
288 1628 567 1679 excesserint,
613 1642 737 1684 spem
780 1629 920 1671 solam
963 1629 1222 1672 hominibus
1253 1630 1532 1683 remansisse,
1565 1631 1637 1674 cui

82 1703 136 1741 ut
167 1698 275 1742 deae
307 1698 363 1741 ab
394 1699 480 1742 illis
513 1699 852 1742 sacrificandum
885 1714 1003 1752 esse;
1048 1700 1249 1757 sequitur
1280 1701 1514 1754 distichon,
1547 1717 1636 1759 quo

81 1775 212 1827 poeta
243 1775 378 1827 optat,
412 1774 461 1812 ut
494 1770 617 1814 dives
662 1775 704 1813 et
735 1785 916 1814 securus
947 1771 1097 1814 vivere
1140 1772 1292 1828 possit.
1356 1772 1457 1815 Non
1501 1773 1638 1830 igitur

80 1842 127 1884 in
149 1842 232 1885 hac
254 1856 299 1884 re
322 1842 510 1898 Bergkio
534 1843 734 1884 assentiri
760 1857 956 1898 possum,
990 1843 1067 1885 sed
1099 1843 1183 1886 hoc
1204 1843 1352 1900 potius
1385 1845 1636 1900 putaverim

79 1913 127 1963 in
145 1913 256 1956 libro
274 1920 319 1958 A
335 1928 514 1969 quoque
538 1913 643 1955 olim
665 1914 885 1970 integram
909 1914 1096 1970 elegiam
1112 1929 1266 1958 versus
1288 1915 1635 1959 1239a—1240b

80 1985 381 2027 continentem
431 1984 639 2036 extitisse,
685 1985 762 2028 sed
800 1999 905 2028 casu
946 1985 1143 2041 quodam
1183 1986 1371 2028 alterum
1415 1986 1634 2030 distichon

82 2055 307 2098 excidisse.
376 2056 535 2099 Utrum
568 2061 716 2098 autem
750 2071 804 2099 ex
835 2056 947 2099 libro
979 2063 1024 2100 A
1053 2057 1101 2098 in
1122 2056 1285 2099 librum
1319 2062 1372 2109 B,
1405 2072 1462 2100 an
1507 2073 1562 2101 ex
1594 2064 1635 2101 B

80 2127 127 2169 in
159 2133 204 2171 A
236 2127 503 2184 transposita
536 2127 592 2169 sit
624 2128 775 2183 elegia,
809 2127 1011 2170 nondum
1044 2127 1291 2171 discernere
1323 2128 1479 2172 audeo.

224 2198 277 2241 V.
311 2199 439 2241 597--
459 2199 516 2241 98
547 2199 706 2241 mutati
739 2203 971 2241 recurrunt
1002 2214 1031 2242 v
1066 2199 1307 2242 1243-44.
1371 2200 1437 2242 De
1469 2200 1633 2256 quibus

79 2269 282 2313 versibus
326 2284 471 2326 nuper
514 2270 602 2326 egit
634 2270 933 2312 Reitzenstein
975 2269 1023 2312 in
1067 2270 1191 2322 libro,
1232 2271 1310 2326 qui
1347 2271 1633 2314 inscribitur:

81 2341 343 2397 Epigramm
375 2341 467 2383 und
501 2341 681 2383 Skolion
714 2356 812 2397 pag.
851 2342 915 2383 76,
983 2341 1071 2391 Qui
1102 2341 1172 2385 vir
1209 2341 1364 2384 doctus
1402 2356 1505 2384 cum
1545 2358 1633 2386 om-

80 2412 187 2454 nino
219 2416 414 2454 nostram
442 2412 744 2455 collectionem
769 2412 816 2454 in
848 2427 980 2454 usum
1005 2413 1313 2455 conviviorum
1336 2413 1633 2470 conscriptam

80 2497 174 2526 esse
190 2482 361 2539 putet'),
378 2487 550 2526 nostros
564 2498 718 2526 versus
727 2498 828 2525 cum
840 2483 1202 2526 antecedentibus
1219 2484 1282 2526 ita
1297 2484 1633 2541 coniungendos

80 2569 174 2597 esse
206 2558 367 2605 censet,
400 2559 449 2596 ut
479 2559 718 2611 postquam
743 2570 771 2597 v
793 2555 996 2597 595--96
1029 2568 1055 2596 a
1086 2555 1281 2611 quodam
1314 2555 1504 2598 conviva
1534 2570 1632 2599 can-

80 2625 159 2668 tati
190 2625 260 2668 vel
293 2624 525 2667 declamati
559 2626 658 2677 sint,
703 2626 816 2668 alius
857 2625 1018 2668 nostris
1050 2625 1251 2668 versibus
1284 2626 1323 2668 ei
1354 2627 1629 2682 respondeat.

80 2696 278 2739 Annotat
300 2700 448 2738 autem
468 2696 766 2739 Reitzenstein
788 2697 897 2739 haec
919 2696 976 2739 ad
998 2700 1199 2739 nostrum
1224 2697 1392 2740 locum:
1422 2698 1489 2749 „A
1512 2702 1629 2754 sagt:

80 2771 247 2827 ἑταῖροι
280 2767 436 2809 wollen
469 2768 547 2810 wir
578 2768 686 2818 sein,
720 2767 825 2810 aber
856 2782 944 2810 von
976 2768 1086 2819 fern,
1120 2768 1191 2810 ich
1224 2767 1301 2810 bin
1323 2768 1488 2810 Deiner
1508 2769 1631 2812 iiber-

81 2838 284 2894 driissig;
320 2845 361 2881 B
390 2842 648 2881 antwortet:
685 2853 814 2894 sogar
835 2841 947 2895 φίλοι
971 2839 1127 2881 wollen
1150 2839 1228 2882 wir
1260 2839 1368 2890 sein,
1402 2839 1495 2881 und
1518 2855 1632 2883 zwar

222 3003 248 3046 ¹)
266 3003 429 3040 Eandem
443 3003 657 3040 sententiam
672 3003 742 3039 iam
760 3009 869 3040 antea
882 3004 1034 3048 protulit
1046 3004 1229 3050 Bergkius
1248 3004 1292 3041 G.
1311 3003 1400 3043 LG,
1413 3004 1465 3039 II.
1481 3015 1514 3049 p.
1534 3007 1615 3043 321,
