1898 3418
737 165 999 207 -9--

91 290 257 344 hibere,
290 297 513 349 postremo
551 294 739 337 eandem
781 310 874 338 rem
907 300 1064 352 quater
1106 295 1253 340 verbis
1292 297 1339 340 in
1381 298 1639 342 universum

92 363 220 406 dictis
251 365 498 420 exprimere
529 380 657 422 posse
679 371 1028 410 consentaneum
1060 373 1136 411 est.
1191 368 1278 411 Sed
1298 369 1387 412 iam
1411 370 1641 413 mittamus

91 434 201 478 haec
232 439 276 478 et
306 440 579 480 revertamus
610 437 666 480 ad
690 442 887 481 nostram
909 439 993 482 loci
1022 439 1443 496 interpretationem.
1494 441 1641 484 Verbo

92 507 302 566 πράσσειν
332 507 440 550 alias
461 522 640 564 quoque
664 514 815 565 poetas
848 509 901 552 dc
933 525 1082 554 amore
1115 511 1180 554 uti
1202 511 1330 554 docet
1360 512 1482 555 locus
1503 513 1640 555 Theo-

93 577 190 620 criti
221 577 276 628 ΙΙ,
296 578 391 630 143,
426 578 503 621 ubi
535 579 716 636 legitur:
751 580 956 639 ἐπράχθη
981 581 1036 626 τοὶ
1067 591 1262 639 μέγιστα.
1313 584 1482 626 Eodem
1507 599 1640 626 sensu

91 647 212 691 idem
244 654 375 705 poeta
405 664 514 692 usus
546 656 611 693 est
642 651 777 694 verbo
810 653 930 698 οἷνύω
962 653 995 705 Ι,
1012 654 1080 704 93,
1115 653 1192 696 ubi
1225 659 1314 697 est:
1349 652 1453 700 ἄνυε
1487 654 1642 714 πικρόν

90 719 241 780 ἔρωτα.
304 720 398 763 Nec
429 721 617 764 verbum
648 726 785 768 τελεῖν
816 724 1013 767 alienum
1045 739 1139 768 esse
1170 740 1197 768 a
1234 726 1311 768 tali
1353 741 1438 769 usu
1482 727 1642 770 docent

90 805 132 835 v.
170 791 410 844 1369-70,
443 793 520 836 ubi
552 794 732 850 legitur:

303 874 473 926 Παιδὸς
502 877 603 937 ἔρως
634 880 766 931 καλός
795 885 877 936 μὲν
908 880 1035 936 ἔχειν,
1069 878 1199 933 nai-«39
1231 883 1268 925 δ’
1302 866 1580 926 ἀποθέσθαι·

303 949 468 991 πολλὸν
500 950 536 993 δ’
570 951 781 1007 εὑρέσθαι
812 950 987 1016 ῥῄτερον
1018 950 1046 1009 ἦ
1075 955 1259 996 τελέσαι.

234 1053 320 1097 Sed
351 1055 439 1097 iam
474 1056 556 1108 his,
590 1071 705 1113 quae
751 1058 892 1109 attuli,
941 1060 1215 1115 argumentis
1262 1061 1367 1103 satis
1415 1060 1525 1102 mihi
1573 1061 1640 1103 de-

91 1129 362 1168 monstrasse
393 1126 547 1170 videor
578 1129 650 1184 agi
672 1129 720 1170 in
749 1129 834 1172 hac
865 1130 1005 1186 elegia
1036 1130 1090 1173 de
1122 1146 1292 1183 amore;
1342 1146 1444 1174 cum
1491 1136 1641 1174 autem

90 1196 270 1239 initium
302 1197 397 1239 eius
427 1198 683 1242 inveniatur
713 1200 760 1242 in
791 1200 903 1244 libro
935 1207 987 1253 B,
1021 1217 1156 1258 quem
1200 1207 1340 1245 totum
1389 1203 1443 1245 de
1492 1217 1641 1245 amore

91 1267 250 1324 puerili
282 1268 497 1325 scriptum
529 1284 623 1313 esse
655 1271 944 1323 ostendimus,
978 1272 1031 1316 de
1063 1274 1146 1316 hoc
1178 1275 1275 1330 ipso
1296 1288 1457 1329 genere
1478 1274 1642 1316 amoris

91 1339 254 1382 nostris
285 1353 464 1396 quoque
497 1341 698 1384 versibus
741 1348 919 1398 poetam
966 1344 1088 1400 loqui
1135 1345 1350 1388 existimo.
1416 1346 1641 1396 Quoniam

91 1414 243 1453 autem
274 1410 367 1453 fieri
398 1413 555 1467 potuit,
606 1418 653 1455 ut
698 1414 743 1455 in
789 1414 900 1457 libro
932 1422 974 1458 B
1003 1416 1091 1458 duo
1123 1416 1323 1467 disticha,
1357 1431 1471 1472 quae
1518 1417 1563 1458 in
1598 1424 1641 1458 A

92 1485 267 1524 servata
307 1487 423 1533 sunt,
457 1483 722 1536 exciderent,
747 1485 988 1529 diiudicare
1019 1501 1110 1530 non
1142 1487 1297 1539 audeo,
1331 1501 1420 1544 quo
1451 1488 1499 1530 in
1530 1488 1642 1530 libro

92 1552 232 1609 elegia
261 1554 510 1609 genuinum
541 1555 687 1598 locum
721 1556 972 1600 obtinuerit.

234 1660 341 1703 Post
370 1675 550 1704 versum
588 1663 697 1706 1318
729 1679 771 1707 v.
801 1665 998 1708 1107-8
1021 1666 1206 1722 paulum
1236 1667 1461 1709 immutati
1482 1667 1642 1709 iterum

94 1736 344 1774 occurrunt.
409 1732 494 1775 Sed
517 1734 795 1778 diversitates
816 1736 1057 1779 lect-ionum
1079 1737 1242 1780 codicis
1264 1745 1320 1789 A,
1354 1738 1431 1794 qui
1463 1739 1510 1780 in
1532 1738 1643 1780 libro

93 1808 140 1847 Α
170 1802 320 1846 habet:
364 1807 500 1861 φίλοις
531 1808 555 1849 ὅ
585 1805 716 1855 πόνος
749 1807 873 1851 δειλά
905 1808 1075 1853 παθών
1105 1817 1227 1864 γενοί
1252 1826 1347 1866 μην,
1380 1809 1426 1851 in
1459 1809 1570 1852 libro
1606 1815 1645 1852 B

93 1886 201 1918 τοῖσι
232 1877 366 1931 φίλοις
399 1877 447 1920 δὲ
479 1876 613 1929 πόνος
658 1878 780 1923 δεινοὶ
828 1881 996 1924 παθών
1026 1879 1223 1938 γενόμην,
1265 1880 1511 1923 levissimas
1549 1895 1642 1923 esse

95 1949 139 1987 et
177 1944 343 1988 librarii
376 1947 597 1990 erroribus
629 1950 839 2005 explicari
872 1965 999 2006 posse
1032 1956 1227 2007 apparet.
1291 1952 1383 1994 Nec
1415 1952 1564 1993 minus
1596 1952 1642 1993 in

95 2015 231 2059 dubio
262 2017 606 2074 relinquendum
651 2035 745 2063 esse
792 2026 913 2077 puto,
963 2027 1114 2064 utrum
1160 2022 1380 2065 distichon
1420 2023 1466 2065 in
1500 2023 1642 2079 priore

95 2102 153 2130 an
183 2088 231 2130 in
263 2089 502 2144 posteriore
533 2090 645 2134 libro
676 2093 924 2147 genuinum
956 2093 1103 2135 locum
1125 2093 1334 2146 obtineat,
1367 2109 1640 2150 quamquam

95 2158 334 2202 verisimile
366 2161 477 2203 mihi
509 2177 598 2204 non
632 2163 809 2205 videtur
839 2163 1060 2206 distichon
1093 2179 1145 2207 ex
1186 2164 1298 2207 libro
1332 2172 1372 2208 B
1400 2166 1447 2207 in
1479 2165 1641 2207 librum

95 2236 142 2274 A
172 2231 491 2287 transpositum
523 2247 629 2284 esse,
663 2249 767 2276 nam
800 2235 1021 2278 antecedit
1050 2236 1095 2277 in
1119 2236 1262 2291 prioie
1290 2236 1401 2279 libro
1423 2236 1640 2279 distichon

97 2301 217 2357 quod
257 2302 407 2358 ipsum
450 2305 635 2359 paulum
681 2310 903 2348 mutatum
951 2307 1186 2362 repetitum
1233 2311 1298 2349 est
1343 2322 1397 2350 ex
1442 2308 1642 2351 versibus

96 2373 460 2417 antecedentibus
494 2374 728 2435 (417--18)
762 2381 804 2420 et
836 2378 1037 2434 sequitur
1068 2378 1207 2434 elegia
1237 2378 1284 2420 in
1316 2394 1406 2435 qua
1427 2383 1557 2435 poeta
1588 2379 1641 2421 de

97 2444 229 2487 rebus
260 2445 449 2501 publicis
479 2447 581 2503 agit.

241 2516 464 2566 Quoniam
482 2518 544 2561 sic
561 2519 761 2575 quinque
778 2520 978 2571 disticha,
997 2535 1110 2576 quae
1129 2521 1229 2576 plus
1247 2521 1453 2564 minusve
1470 2526 1641 2564 mutata

97 2587 143 2629 in
186 2591 375 2643 utroque
423 2588 535 2632 libro
575 2595 825 2641 occurrunt,
866 2591 1245 2647 pertractavimus,
1295 2592 1516 2648 reliquum
1563 2597 1640 2639 est,

98 2663 148 2700 ut
194 2658 248 2701 de
295 2659 348 2701 iis
391 2659 592 2703 versibus
640 2676 839 2717 agamus,
894 2662 972 2718 qui
1022 2663 1164 2718 magis
1208 2663 1323 2705 inter
1374 2678 1419 2706 se
1467 2664 1642 2705 differre

98 2729 318 2773 videntur.
382 2730 447 2773 Ac
492 2732 688 2787 primum
740 2733 923 2789 quidem
963 2733 1187 2789 agendum
1236 2734 1317 2776 erit
1357 2734 1410 2777 de
1442 2734 1642 2777 versibus

103 2802 357 2846 1353-56:

312 2882 471 2944 Πικρός
500 2894 574 2930 καὶ
605 2885 757 2941 γλυκύς
787 2889 877 2931 ἐστι
909 2895 983 2932 καὶ
1015 2885 1234 2946 ἆρπαλέος
1265 2897 1338 2932 καὶ
1372 2889 1551 2943 οἷπηνής.

309 2953 422 3015 ὄφρα
453 2958 612 3010 τέλειος
641 2957 701 3022 ἔῃ,
735 2959 884 3016 Κήρνε,
919 2966 1076 3003 νέοισιν
1106 2958 1218 3018 ἔρως·
