1898 3418
896 189 1192 232 -38—

262 333 373 376 nihil
406 333 513 376 certi
545 332 600 375 de
633 346 686 376 ea
716 332 862 375 dicere
895 331 1092 389 ausim.¹)
1152 331 1325 374 Tamen
1359 331 1451 374 iam
1496 331 1582 375 hoc
1619 331 1827 377 videmus

268 419 511 448 numerum
544 404 839 447 distichorum
871 403 1152 460 singulorum
1184 403 1230 446 in
1264 402 1376 446 libro
1409 409 1455 448 A
1483 403 1774 461 repetitorum
1793 423 1826 450 α

263 491 451 520 numero
483 476 764 533 singulorum
797 475 1105 528 distichorum,
1139 489 1255 532 quae
1306 489 1428 519 nunc
1474 475 1522 518 in
1554 475 1667 519 libro
1699 480 1742 519 B
1765 475 1828 520 *le-

261 553 431 605 guntur
461 562 553 591 non
584 547 789 605 pluribus
822 562 960 604 quam
993 547 1168 591 duobus
1199 547 1271 591 vel
1301 546 1445 590 tribus
1476 547 1667 601 differre,
1710 561 1829 606 quae

262 620 472 663 facillime
504 619 706 663 excidere
738 620 949 676 potuisse,
982 633 1086 662 cum
1117 619 1258 663 codex
1289 619 1558 663 Mutinensis
1589 633 1645 663 ex
1679 619 1828 664 arche-

263 696 371 749 typo
403 691 784 741 transcriberetur,
817 705 950 734 nemo
983 690 1178 748 negabit.
1241 691 1311 734 Ex
1359 695 1521 734 natura
1566 695 1719 734 autem
1764 691 1830 736 rei

263 764 374 807 mihi
408 763 535 820 sequi
567 762 746 807 videtur
792 763 1064 806 diorthotam
1110 762 1238 805 illum
1284 763 1331 805 in
1378 763 1524 806 locum
1574 763 1830 820 longiorum

263 836 515 878 carminum
547 835 867 878 amatoriorum
900 835 1043 878 rarius
1075 834 1184 878 alios
1216 849 1372 878 versus
1404 834 1699 886 substituisse,
1723 849 1830 892 quo-

263 908 387 950 niam
419 907 592 950 homini
623 922 716 950 non
756 907 891 950 nimis
924 907 1067 959 docto,
1115 921 1252 964 quem
1299 911 1449 950 tamen
1498 907 1676 964 saepius
1722 906 1831 952 novi

264 979 438 1036 aliquid
469 979 517 1021 in
548 979 752 1023 versibus
786 979 984 1035 repetitis
1015 980 1175 1022 afferre
1207 978 1431 1022 studuisse
1477 977 1832 1038 demonstravi,¹)
1849 979 1863 988 “

263 1051 486 1102 difficilior
517 1065 586 1094 res
618 1050 715 1095 visa
754 1054 830 1094 est.

406 1123 532 1166 Haec
564 1123 654 1166 fere
687 1126 754 1166 est
783 1137 885 1166 mea
916 1122 971 1166 de
1002 1122 1206 1166 versibus
1238 1123 1285 1165 in
1316 1121 1617 1179 Theognideis
1663 1122 1832 1166 iteratis

264 1199 307 1238 et
338 1193 395 1237 de
426 1195 611 1247 ratione,
646 1209 762 1251 quae
793 1194 910 1238 inter
940 1194 1105 1237 librum
1137 1201 1184 1239 A
1214 1198 1257 1237 et
1302 1194 1467 1237 librum
1501 1200 1543 1238 B
1571 1193 1830 1247 intercedat,

264 1266 497 1310 sententia.

1010 1399 1088 1443 VI.

407 1471 653 1527 Reliquum
684 1475 762 1523 est,
794 1475 844 1514 ut
875 1471 1199 1522 examinemus,
1234 1471 1460 1528 quomodo
1481 1471 1591 1514 haec
1613 1469 1836 1515 sententia

265 1558 368 1586 cum
402 1543 464 1586 eis
497 1543 758 1595 consentiat,
777 1558 893 1600 quae
915 1543 1037 1600 apud
1068 1543 1278 1599 antiquos
1310 1543 1547 1600 scriptores
1577 1542 1634 1586 de
1664 1542 1833 1600 Theog-

269 1614 374 1658 nide
407 1615 593 1672 eiusque
624 1615 748 1671 poesi
781 1615 944 1658 tradita
975 1615 1182 1672 legimus.

387 1686 454 1730 Ac
486 1687 686 1743 primum
718 1686 903 1744 quidem
934 1687 1242 1744 inspiciamus,
1276 1701 1393 1744 quae
1416 1686 1578 1730 Suidas
1610 1685 1694 1731 sub
1723 1699 1835 1731 voce

268 1762 450 1815 Θέογνις
481 1759 624 1811 offert,
658 1759 766 1816 quia
798 1759 964 1802 summi
995 1759 1213 1802 momenti
1261 1773 1356 1802 esse
1387 1759 1599 1803 videntur
1629 1757 1687 1801 ad
1717 1771 1834 1803 com·

265 1830 547 1887 probandam
579 1845 728 1874 meam
761 1831 815 1874 de
848 1830 960 1874 libro
993 1837 1036 1874 B
1055 1831 1335 1874 sententiam.
1402 1830 1518 1873 Sunt
1538 1834 1691 1873 autem
1710 1828 1833 1887 apud

267 1902 454 1945 Suidam
501 1903 634 1946 haec:
687 1905 866 1957 Θέογνις
913 1900 1148 1961 Μεγαρεύς
1194 1908 1284 1947 τῶν
1316 1904 1365 1948 ἐν
1395 1904 1574 1963 Σικελίᾳ
1607 1900 1835 1962 Μεγάρων

264 1975 455 2031 γεγονώς
486 1975 534 2018 ἐν
564 1980 619 2041 τῇ
650 1980 724 2021 νθ’
759 1977 1016 2030 ὀλυμπιάδι,
1065 1975 1261 2037 ἔγραψεν
1306 1975 1504 2029 ἐλεγείαν
1543 1979 1604 2028 εἰς
1634 1974 1732 2024 τούς
1762 1988 1835 2020 σω·

265 2053 432 2099 θέντας
463 2051 551 2092 τῶν
583 2051 860 2107 Συρακοσίων
889 2048 939 2092 ἐν
970 2052 1025 2114 τῇ
1055 2048 1298 2108 πολιορκίᾳ.
1332 2045 1508 2104 γνώμας
1545 2047 1600 2091 δι’
1639 2047 1835 2102 ἐλεγείας

265 2123 326 2170 εἰς
359 2119 443 2177 ἴπη
474 2120 542 2170 βώ
573 2127 648 2163 καὶ
681 2120 791 2177 πρὸς
822 2118 992 2179 Κύρνον
1023 2120 1102 2164 τόν
1135 2121 1271 2165 αὑτοῦ
1298 2120 1517 2177 ἐρώμενον
1536 2119 1836 2176 γνωμολογίαν

272 2192 327 2234 δι’
361 2191 559 2246 ἐλεγείων
605 2197 681 2236 καῖ
728 2195 877 2251 ἑτέρας
922 2190 1160 2250 ὖποθήκας
1206 2189 1539 2250 παραινετικάς,
1589 2191 1645 2235 τά
1679 2187 1833 2236 πάντα

266 2262 438 2315 ἐπικῶς.
492 2259 588 2306 ’Ὁτι
618 2267 701 2320 μὲν
748 2271 1030 2321 παραινέσεις
1076 2263 1243 2326 ἔγραψε
1277 2266 1470 2318 Θέογνις,
1511 2264 1606 2307 ἀλλ’
1639 2262 1689 2307 ἐν
1717 2269 1835 2323 μέσῳ

265 2335 430 2379 τούτων
462 2342 834 2394 παρεσπαρμὲναι
866 2343 1045 2395 μιαρίαι
1077 2343 1150 2380 καὶ
1182 2335 1382 2380 παιδικοῖ
1413 2335 1565 2395 ἔρωτες
1595 2341 1671 2380 καὶ
1699 2333 1831 2386 ἄλλα,

268 2405 350 2451 ὅσα
375 2408 397 2451 ὅ
421 2407 626 2466 ἐνάρετος
649 2402 972 2467 α’ποστρέςρεται
993 2411 1099 2461 βίος.
1163 2407 1230 2450 De
1253 2406 1418 2464 quibus
1439 2406 1589 2450 verbis
1610 2405 1835 2451 uberrime

410 2609 436 2654 ¹)
460 2609 633 2646 Dubitari
671 2609 782 2646 etiam
806 2614 926 2655 potest
963 2609 1007 2646 de
1032 2621 1066 2645 v,
1095 2612 1292 2655 1355-66,
1319 2609 1363 2644 de
1388 2608 1518 2653 quibus
1544 2609 1718 2656 conferas,
1742 2619 1836 2656 quae

266 2669 343 2705 dixi
369 2681 452 2715 pag.
482 2673 538 2705 13.

413 2728 438 2774 ¹)
464 2729 550 2765 Veri
576 2741 646 2765 non
674 2729 849 2765 dissimile
884 2729 972 2765 mihi
1010 2729 1157 2765 videtur
1181 2728 1398 2765 diorthotam
1425 2728 1528 2764 illum
1554 2739 1625 2765 non
1649 2729 1764 2765 solum
1789 2739 1835 2765 ex

266 2789 356 2833 ipsis
381 2788 627 2834 Theognideis
653 2800 778 2825 versus
804 2789 1027 2835 repetivisse,
1067 2799 1154 2833 quos
1179 2788 1218 2824 in
1243 2787 1497 2824 amatoriorum
1523 2798 1691 2825 versuum
1716 2788 1835 2826 locun

267 2849 516 2894 substitueret,
554 2849 616 2885 sed
654 2849 764 2885 latius
803 2849 880 2885 eius
919 2854 1034 2885 artem
1060 2854 1097 2885 et
1121 2847 1339 2884 industriam
1368 2855 1541 2894 vegetam
1567 2859 1656 2895 esse,
1682 2858 1764 2885 cum
1788 2859 1835 2885 ex

267 2909 419 2944 aliorum
445 2919 586 2953 quoque
611 2914 796 2953 poetarum
823 2909 1065 2954 elegiacorum
1104 2907 1323 2944 carminibus
1358 2919 1482 2944 versus
1519 2907 1558 2944 in
1582 2911 1724 2944 textum
1748 2907 1835 2945 reci·

266 2973 377 3013 peret.
427 2968 510 3004 Hoc
534 2969 638 3004 modo
663 2969 815 3004 fortasse
851 2979 976 3004 versus
1014 2970 1190 3015 933--88,
1218 2969 1262 3004 de
1288 2967 1420 3014 quibus
1445 2979 1528 3014 pag.
1557 2970 1600 3003 13
1626 2968 1697 3015 egi,
1724 2967 1834 3015 expli-

266 3028 340 3064 cari
366 3034 526 3073 possunt.
