1898 3418
918 122 1238 190 -8-’

488 277 663 335 Νεβρᾰν
698 279 811 329 ὑπὲξ
841 276 1022 336 ἐλάφοιο
1054 279 1163 323 λέων
1193 277 1251 330 ὣς
1284 277 1386 322 οἷλκῑ
1416 279 1648 328 πεποιθός

486 354 615 394 ποσσὶ
646 347 966 410 καταιμοὶρψας
997 352 1181 404 αἵματος
1212 347 1287 395 οὐκ
1319 348 1457 394 ἔπιον·

486 426 663 476 τειχέων
695 421 732 464 δ’
767 421 954 481 ὑψηλῶν
984 420 1149 474 ἐπιβάς
1181 421 1313 465 πόλιν
1344 421 1419 466 οὐκ
1451 419 1681 472 α’λάπαξα·

489 490 750 549 ζευξάμενος
782 493 818 536 δ’
852 495 1013 541 ἵππους
1044 488 1242 551 ἅρματος
1273 486 1348 537 οὐκ
1379 492 1556 551 ἐπέβην·

486 564 657 622 πρήξας
690 563 726 605 δ’
760 564 838 608 οὐκ
869 562 1050 621 ἔπρηξα,
1085 571 1160 608 καὶ
1191 565 1269 609 οὐκ
1296 564 1500 608 ἐτέλεσσα
1532 566 1749 618 τελέσσας·

487 635 647 693 ὁρήσας
679 636 716 679 δ’
749 636 826 680 οὐκ
858 634 1017 692 ἴδρησζ
1051 634 1190 692 ἤνυσα
1223 636 1259 679 δ’
1292 635 1371 679 οὐκ
1403 630 1582 689 α’νύσας.

421 717 622 761 Welcker
652 718 700 760 in
731 717 1019 761 annotatione
1051 717 1107 761 ad
1139 717 1255 761 hanc
1288 718 1475 775 elegiam
1508 734 1607 776 pag.
1626 719 1728 782 ,134
1762 733 1831 764 ae-

275 789 429 845 nigma
459 803 559 832 eam
591 803 685 832 esse
733 794 895 841 censet,
941 789 1069 832 cuius
1116 803 1298 832 sensum
1339 789 1434 833 loco
1475 805 1530 834 ex
1561 790 1833 848 Anthologia

276 860 480 903 Palatina
511 875 611 917 pag.
644 861 851 912 591,146
883 860 1014 903 allato
1057 860 1261 917 explicat.
1324 861 1405 904 Est
1447 860 1509 904 ibi
1555 862 1834 920 epigramma

275 932 442 975 Rhiani
474 932 584 975 hoc:

489 1005 716 1063 Ἀγρεύσας
747 1005 825 1048 τόν
857 1004 1014 1062 νεβρόν
1047 999 1272 1056 dudum,
1304 1007 1367 1062 χοῖ
1399 1010 1482 1060 μὲν
1512 1003 1708 1057 α’νατλᾰς

489 1076 627 1136 μύρια
660 1083 735 1120 καὶ
769 1074 927 1134 στήσας
958 1077 1112 1121 δίκτυα
1145 1083 1220 1120 καῖ
1251 1077 1471 1130 στάλακας

490 1145 572 1192 σῦν
603 1160 770 1201 κενεαῖς
801 1154 1011 1206 χειρέσσιν
1043 1147 1307 1207 ἀπέρχομαι·
1341 1152 1380 1192 οἱ
1412 1149 1449 1193 δ’
1480 1150 1667 1203 ἀμογητὶ

491 1220 528 1263 τ’
561 1214 656 1276 οἷμοέ
690 1227 902 1278 φέρουσιν,
927 1216 1074 1276 Ἔρως,
1107 1219 1170 1272 οἷς
1202 1220 1252 1265 σύ
1283 1227 1421 1274 γένοιο
1451 1221 1603 1279 βαρύς.

374 1303 377 1307 ’
422 1302 487 1345 De
519 1317 565 1346 re
598 1303 801 1346 Venerea
830 1303 966 1357 igitur
997 1306 1089 1346 tota
1128 1303 1267 1360 elegia
1310 1303 1475 1360 scripta
1517 1317 1612 1348 esse
1658 1304 1838 1348 videtur

278 1374 374 1418 viro
407 1373 549 1426 docto,
583 1374 705 1431 quod
737 1373 946 1431 equidem
979 1374 1262 1431 probandum
1295 1388 1390 1418 esse
1421 1379 1554 1431 puto,
1603 1390 1710 1419 nam
1740 1390 1835 1434 per-

279 1445 487 1502 spicuum
520 1450 586 1489 est
607 1450 785 1502 poetam
807 1445 1010 1489 versibus
1033 1446 1238 1489 949-52
1259 1446 1373 1488 nihil
1401 1447 1560 1490 offerre
1581 1447 1669 1490 nisi
1692 1461 1837 1492 exem·-

279 1517 354 1573 pla
385 1531 546 1569 rerum,
581 1531 696 1574 quae
729 1517 786 1560 ad
817 1518 950 1560 finem
984 1518 1074 1560 fere
1107 1517 1345 1574 perductae
1365 1517 1590 1575 inspinate
1619 1518 1838 1563 interram

282 1593 462 1645 puntur.
510 1588 582 1632 Sic
614 1588 698 1632 sibi
730 1603 910 1646 quoque
943 1589 1155 1632 accidisse
1186 1588 1294 1632 dicit
1325 1593 1455 1646 poeta
1485 1594 1547 1642 ut,
1570 1604 1674 1633 cum
1694 1603 1839 1648 paene

282 1665 548 1703 consecutus
580 1665 694 1704 esset
725 1660 847 1717 quod
879 1661 1110 1718 cupiverat
1140 1661 1166 1703 i.
1193 1675 1228 1704 e.
1253 1661 1529 1718 voluptatem
1559 1661 1838 1715 amatoria-m,

283 1737 432 1775 tamen
465 1732 521 1774 ad
553 1733 687 1775 finem
732 1747 823 1775 non
865 1732 1127 1788 pervenerit.
1211 1732 1313 1775 Non
1360 1737 1475 1776 recte
1518 1733 1655 1790 igitur
1685 1732 1842 1778 Busolt

283 1803 404 1846 hunc
436 1803 584 1846 locum
616 1804 931 1860 interpretatus
963 1808 1040 1855 est,
1087 1804 1165 1860 qui
1197 1818 1295 1860 pag.
1331 1804 1414 1846 291
1449 1803 1549 1847 libri
1580 1804 1659 1862 qui
1690 1804 1840 1848 inscri-

284 1874 428 1917 bitur:
479 1874 549 1918 die
581 1875 936 1918 Lakedamonier
981 1874 1075 1917 und
1125 1875 1220 1918 ihre
1258 1874 1660 1932 Bundesgenossen
1707 1875 1838 1920 dicit:

286 1946 512 2002 Theognis
545 1947 710 1998 riihmt‚
744 1946 846 1989 dass
879 1961 925 1989 er
957 1945 1027 1990 die
1059 1946 1209 1989 hohen
1242 1946 1428 1989 Mauern
1460 1947 1679 2004 erstiegen
1709 1947 1840 2001 habe,

287 2018 403 2060 ohne
435 2017 506 2061 die
528 2018 655 2061 Stadt
685 2017 1061 2074 auszuplfindern.
1106 2018 1168 2060 Er
1198 2017 1313 2061 habe
1343 2018 1470 2061 nicht
1500 2018 1580 2062 wie
1612 2018 1691 2063 der
1709 2019 1842 2064 wae

287 2089 553 2132 vertrauend
586 2090 664 2132 auf
696 2090 816 2132 seine
850 2089 1005 2132 Starke
1037 2089 1117 2132 das
1149 2089 1421 2132 Hirschkalb
1466 2090 1728 2143 zerfleischt‚
1761 2089 1843 2135 das

289 2161 393 2203 Blut
429 2160 508 2203 der
539 2161 706 2204 Feinde
752 2161 1016 2217 getrunken,
1065 2161 1258 2204 sondern
1306 2160 1392 2204 den
1425 2161 1528 2218 Sieg
1558 2161 1841 2215 vollendend‚

289 2232 368 2275 das
404 2232 534 2275 Werk
568 2232 646 2275 der
677 2233 828 2276 Rache
860 2232 1151 2276 unvollendet
1180 2233 1395 2289 gelassen.
1445 2232 1570 2276 Haec
1601 2233 1754 2278 omnia.
1772 2233 1844 2278 vir

290 2304 446 2347 doctus
478 2318 532 2347 ex
564 2308 714 2347 nostro
745 2304 840 2347 loco
873 2304 1048 2360 collegit
1091 2309 1135 2347 et
1180 2309 1308 2360 putat
1338 2303 1646 2360 Theognidem
1691 2309 1845 2350 nostra

291 2375 431 2431 elegia
462 2376 678 2432 respicere
710 2375 767 2418 ad
799 2390 1000 2432 pugnam
1031 2376 1147 2419 inter
1178 2375 1354 2433 plebem
1399 2380 1442 2419 et
1487 2376 1725 2433 optimates
1754 2377 1843 2422 Me·

290 2447 547 2503 garensium
594 2448 770 2499 factam,
819 2447 873 2490 de
922 2462 1012 2504 qua
1058 2447 1180 2504 apud
1230 2447 1513 2491 Aristotelem
1560 2448 1651 2491 Pol.
1683 2448 1739 2501 V,
1755 2447 1843 2502 4‚3

291 2519 475 2575 legitur:
514 2522 567 2562 Οἱ
600 2520 647 2564 δὲ
679 2519 930 2576 (optimates
961 2533 988 2562 a
1018 2518 1146 2576 plebe
1177 2519 1426 2576 Megarensi
1459 2519 1649 2578 expulsi)
1677 2521 1844 2566 κατιὸν·

293 2610 361 2643 τες
403 2592 607 2647 ἐνίκησαν
648 2589 890 2648 μαχόμενοι
936 2589 1013 2636 τον
1060 2593 1211 2649 δῆμον.
1276 2590 1363 2634 Sed
1409 2605 1554 2634 errare
1593 2591 1845 2636 Busoltium

294 2676 375 2705 nec
409 2666 562 2717 poetae
594 2661 746 2704 verba:
779 2668 957 2716 τειχέων
989 2664 1026 2707 δ’
1059 2664 1243 2725 ὑψηλῶν
1273 2663 1435 2716 ἐπιβάς
1468 2661 1598 2707 πόλιν
1628 2662 1707 2708 οὐκ
1737 2657 1844 2708 α’λοὶ·

295 2737 418 2784 παξα
450 2733 506 2775 ad
539 2747 631 2775 rem
663 2747 816 2776 revera
848 2734 1010 2776 factam
1044 2733 1275 2777 referenda
1306 2747 1414 2785 esse,
1462 2733 1552 2776 iam
1593 2748 1648 2777 ex
1688 2747 1740 2778 eo
1770 2747 1845 2790 ap-

296 2810 432 2861 paret,
466 2804 587 2861 quod
608 2805 680 2847 hic
702 2819 856 2847 versus
883 2805 930 2847 in
953 2805 1102 2848 medio
1122 2805 1319 2848 carmine
1342 2804 1515 2861 legitur,
1538 2819 1644 2849 nam
1666 2809 1846 2862 poetam

298 2891 386 2919 non
420 2876 615 2932 primum
649 2876 936 2919 translatione
970 2877 1047 2927 uti,
1081 2876 1242 2920 deinde
1275 2891 1367 2920 rem
1399 2876 1558 2933 ipsam,
1591 2889 1729 2934 quam
1761 2876 1844 2934 sig·

297 2948 476 2998 nificare
511 2947 620 2998 vult,
653 2949 823 2996 afferre„
856 2952 953 2992 tum
983 2947 1144 2992 iterum
1182 2948 1315 2992 aliam
1362 2947 1741 3005 comparationem
1772 2947 1845 2996 ad·
