1898 3418
699 221 992 263 -17-

61 363 164 392 amo
196 363 386 406 puerum
419 349 671 406 pulchrum,
704 364 982 406 quamquam
1013 350 1135 408 apud
1165 365 1321 394 omnes
1362 352 1528 394 amicos
1559 353 1621 395 fa-

61 435 184 463 mam
230 435 378 464 meam
424 420 559 463 laedit
604 420 693 478 (sel.
727 435 830 464 cum
861 437 933 465 1110
964 437 1207 479 puerorum
1250 427 1494 465 amatorem
1526 438 1620 466 esse

61 492 280 549 ostendat)
301 507 372 535 me
404 492 567 544 invitm
590 496 741 535 tamen
773 493 972 545 iniurias,
996 493 1160 550 quibus
1191 508 1263 536 me
1295 494 1443 545 afficit,
1467 509 1619 550 quam-

62 577 200 620 quam
231 563 414 614 invitus,
447 577 538 606 non
570 563 718 606 celans
750 564 959 617 tolerabo,
993 565 1100 621 quia
1130 565 1462 621 pulchritudine
1493 566 1621 622 pueri

61 635 206 678 victus
244 625 357 677 sum.
421 634 624 677 Fortasse
665 635 827 691 aliquis
870 641 973 678 ante
1005 635 1217 694 τλήσομαι
1260 637 1619 680 coniunctionem

60 705 389 750 adversativam
421 705 654 757 desiderat,
687 706 762 748 sed
797 708 1038 750 sententias
1070 707 1155 750 sibi
1195 698 1420 764 oppositas
1461 709 1620 764 saepis-

61 777 172 820 sime
203 777 458 833 asyndetice
489 777 696 833 componi
729 778 1013 821 notissimum
1045 783 1120 821 est.
1187 778 1307 829 Quid
1337 783 1487 821 autem
1520 780 1620 821 Cor-

61 862 174 891 senn
216 848 336 900 velit,
369 862 473 890 cum
507 847 626 891 dicat
656 849 794 892 verba
815 847 974 895 οῧνεκα
1007 849 1126 905 κάγώ
1158 854 1236 892 etc.
1271 850 1504 893 referenda
1525 864 1620 893 esse

61 919 119 962 ad
155 919 293 963 verba
333 915 382 964 οὗ
422 919 508 978 γάρ
553 921 622 964 ἐπ’
664 923 840 980 ainsi-[cp
883 925 962 964 etc.
997 921 1246 978 perspicere
1288 936 1377 964 11011
1421 936 1617 978 possum,

61 1005 169 1033 nam
190 990 347 1036 οὕνεκα
371 991 483 1033 nihil
501 990 623 1033 aliud
647 996 711 1034 est
733 991 819 1034 nisi
841 989 908 1036 ὅτι
930 997 973 1034 et
995 992 1162 1048 pendet
1193 1007 1219 1035 a
1241 992 1375 1036 verbo
1397 995 1618 1051 θαύμαζε,

61 1063 140 1119 qui
172 1076 329 1105 sensus
374 1063 700 1105 coniunctionis
747 1067 789 1105 et
828 1063 876 1105 111
917 1063 1080 1106 nostris
1111 1063 1410 1119 Theognideis
1457 1064 1522 1106 bis
1554 1078 1619 1107 oc-

60 1134 209 1185 currit,
242 1148 282 1177 v.
318 1134 518 1176 670-71

277 1219 452 1262 πολλῶν
471 1218 596 1272 γνούς
628 1235 711 1277 περ
742 1217 925 1274 ἄμεινον
946 1221 1021 1269 ἔτι,

275 1285 431 1334 οὕνεκα
463 1294 543 1334 νῦν
574 1290 828 1346 φερόμεσθα
862 1302 896 1330 e.
932 1303 974 1344 q.
1009 1303 1041 1331 s.

61 1375 104 1414 et
133 1386 175 1415 v.
209 1372 294 1415 853
324 1372 415 1415 --54

263 1455 422 1499 '‘Hadea
455 1461 537 1511 μὲν
568 1463 642 1499 καὶ
673 1456 886 1514 πρόσθεν,
918 1456 1032 1514 οἶτάρ
1064 1458 1174 1500 πολυ
1205 1457 1317 1500 λιόϊα
1351 1455 1402 1514 δή
1436 1462 1529 1509 νῦν,

273 1524 431 1572 οὕνεκα
464 1539 551 1579 τοῖς
582 1528 736 1578 δειλοῖς
769 1522 936 1581 οὐδεμῖ
964 1531 1053 1571 ἔστι
1083 1528 1216 1586 χάρις.

61 1614 105 1652 et
135 1610 313 1666 saepius
344 1609 465 1666 apud
497 1610 748 1652 Homerum
779 1610 1007 1653 invenitur
1038 1615 1087 1652 ut
1107 1610 1190 1653 Od.
1225 1611 1279 1662 V,
1312 1626 1352 1654 v.
1388 1612 1492 1662 21&
1523 1598 1617 1663 VH,

61 1697 103 1725 v.
137 1683 245 1733 300;
280 1681 404 1733 XVI,
437 1696 477 1724 v.
513 1682 612 1724 379.
677 1680 764 1723 Sed
797 1695 901 1723 cum
932 1681 1022 1723 iam
1054 1681 1137 1734 his,
1171 1696 1286 1737 quae
1317 1683 1458 1734 attuli,
1491 1697 1616 1739 argu-

62 1753 224 1795 mentis
279 1753 511 1795 Corsennii
559 1752 778 1795 sententia
821 1753 927 1794 satis
983 1753 1173 1795 refutata
1218 1753 1286 1804 sit,
1330 1754 1410 1795 soli
1464 1768 1617 1797 versus

67 1825 297 1867 1345-50
329 1828 444 1867 certe
477 1824 633 1866 Eueno
665 1824 794 1866 Pario
826 1823 960 1866 tribui
991 1829 1191 1880 possunt.

210 1931 434 1989 Videmus
467 1931 602 1986 igitur
640 1931 688 1972 111
732 1930 843 1973 libro
876 1937 917 1974 B
947 1945 1126 1987 quoque
1168 1931 1386 1987 quosdam
1429 1933 1618 1975 aliorum

63 2006 295 2059 poetarum
336 2002 630 2058 elegiacorum
674 2002 980 2057 antiquiorum
1021 2016 1176 2045 versus
1207 2003 1336 2045 nobis
1376 2017 1616 2046 occurrere.

64 2073 197 2124 Quod
228 2074 368 2116 multo
408 2074 557 2129 plures
598 2077 702 2115 sunt
732 2073 780 2114 111
821 2072 930 2115 libro
962 2080 1007 2116 A
1051 2087 1186 2129 quam
1220 2074 1266 2115 in
1300 2081 1351 2126 B,
1384 2075 1619 2117 offensioni

64 2144 193 2187 nobis
224 2158 315 2186 11011
347 2145 441 2196 erit,
474 2145 511 2186 si
542 2143 971 2197 consideraverimus
1003 2158 1242 2187 numerum
1274 2160 1485 2188 versuum
1518 2146 1618 2188 libri

65 2223 111 2258 A
143 2220 186 2258 et
216 2222 268 2259 Β.

208 2311 304 2354 Iam
334 2311 463 2354 liceat
493 2326 647 2354 omnes
691 2311 1017 2363 similitudiueS,
1051 2325 1165 2367 quas
1196 2312 1311 2354 inter
1342 2312 1454 2354 duos
1486 2312 1619 2355 libros

66 2382 337 2425 intercedere
369 2382 516 2425 adhuc
548 2383 851 2439 exposuimus,
886 2382 1077 2425 breviter
1107 2383 1360 2439 complecti:

213 2467 249 2508 1.
315 2466 512 2522 Uterque
544 2466 654 2508 liber
685 2465 958 2521 Theognidis
990 2466 1171 2508 nomine
1203 2466 1390 2508 traditus
1422 2471 1498 2510 est.

209 2550 247 2591 2.
310 2549 364 2591 In
395 2554 583 2605 utroque
627 2549 738 2591 libro
782 2548 900 2591 idem
944 2563 1051 2590 usus
1096 2548 1333 2592 verborum
1378 2555 1419 2592 et
1463 2550 1618 2593 eadem

68 2621 179 2663 ratio
210 2620 622 2676 componendorum
653 2635 877 2663 versuum.

210 2705 251 2746 3.
314 2703 541 2746 Nonnulla
556 2703 745 2746 disticha
762 2708 805 2746 et
825 2717 979 2746 versus
995 2703 1043 2744 111
1060 2707 1248 2759 utroque
1265 2703 1375 2746 libro
1398 2704 1617 2759 leguntur.

209 2788 249 2830 4.
314 2787 417 2830 Una
437 2787 577 2843 elegia
597 2786 696 2829 libri
720 2793 761 2830 B
780 2787 1021 2829 certissime
1043 2786 1291 2842 Theognidi
1307 2786 1441 2829 tribui
1463 2791 1619 2843 potest,

70 2859 177 2915 quia
207 2872 372 2900 nomen
403 2858 633 2914 proprium
668 2857 802 2918 Κύρνε
833 2858 879 2899 111
912 2871 964 2899 ea
994 2858 1195 2900 occurrit.

211 2954 250 2983 o.
315 2941 366 2982 In
399 2945 587 2996 utroque
619 2940 730 2983 libro
763 2955 917 2984 versus
948 2945 1198 2991 occurrunt,
1231 2941 1309 2996 qui
1341 2940 1437 2983 aliis
1479 2941 1619 2996 poetis

71 3012 274 3068 elegiacis
305 3011 627 3067 antiquissimis
658 3011 882 3054 tribuendi
914 3016 1030 3054 sunt.

1317 3073 1337 3105 2
