1898 3418
709 183 1002 227 -39-

76 311 167 367 egit
214 312 448 355 Nietzsche
492 313 521 355 1.
554 326 590 355 c.
639 327 739 370 pag.
778 314 860 357 189
892 328 950 366 ss,
994 314 1074 371 qui
1121 313 1377 366 rectissime,
1424 317 1475 356 ut
1518 313 1630 356 mihi

77 382 266 435 videtur,
319 383 642 427 demonstravit
688 384 825 428 verba
875 383 940 430 ὅτι
983 390 1067 440 μὲν
1111 392 1391 444 παραινέσεις
1436 399 1472 428 6.
1519 400 1562 442 q.
1596 399 1628 429 s.

75 454 270 497 maxime
302 454 479 498 differre
510 454 567 498 ab
599 455 674 507 eis,
707 470 823 512 quae
854 456 1133 500 antecedunt.

218 550 444 600 Quoniam
490 554 640 594 autem
686 550 814 594 nobis
860 566 951 594 non
984 551 1040 594 sit
1085 551 1298 608 quaestio,
1345 565 1460 608 quae
1499 551 1634 594 fuerit

15 636 18 637 ⁷
75 621 220 678 patria
240 621 526 678 Theognidis,
559 636 640 665 nec
667 637 756 678 quo
780 620 898 665 anno
921 627 1053 666 natus
1075 623 1132 665 sit
1160 637 1243 666 nec
1274 623 1428 679 quales
1459 626 1502 675 et
1523 626 1633 679 quot

75 706 231 736 versus
277 696 452 750 praeter
493 693 826 750 gnomologiam
867 694 924 737 ad
962 694 1162 751 Cyrnum
1209 694 1444 750 scripserit,
1491 697 1630 737 totam

75 768 248 821 partem
279 764 472 821 priorem
505 779 672 816 eorum,
706 779 821 821 quae
853 765 936 808 sub
969 779 1076 809 voce
1107 765 1380 822 Theognidis
1411 765 1533 822 apud
1555 765 1631 808 Su-

47 835 206 879 ·edam
246 836 450 892 legimus,
496 850 633 892 quam
665 836 737 879 ille
783 836 1111 893 antiquioribus
1152 836 1456 893 grammaticis
1487 836 1631 888 debet,

76 907 150 951 hic
181 907 384 950 omittere
406 922 660 964 possumus,
684 909 944 964 praesertim
968 922 1072 951 cum
1094 909 1179 952 viri
1201 908 1331 960 docti,
1355 922 1633 964 quamquam

75 979 218 1022 multa
260 979 352 1022 iam
383 979 437 1022 de
470 993 522 1022 ea
554 979 919 1036 excogitaverunt
951 983 994 1022 et
1024 980 1396 1036 conscripserunt,
1428 979 1633 1022 nondum

76 1051 370 1102 consentiant,
393 1050 504 1107 quid
526 1050 580 1093 de
608 1051 889 1107 grammatici
920 1051 1068 1094 verbis
1099 1050 1392 1093 iudicandum
1424 1051 1490 1095 sit.
1553 1050 1633 1094 Ac-

76 1122 272 1166 curatius
304 1127 454 1165 autem
499 1122 800 1164 examinanda
843 1122 1020 1165 videtur
1050 1136 1154 1178 pars
1195 1122 1425 1179 posterior,
1458 1137 1513 1165 ex
1544 1136 1635 1178 qua

76 1193 187 1251 quid
218 1193 379 1236 Suidas
410 1193 506 1250 ipse
538 1193 592 1236 de
624 1193 923 1249 Theognideis
954 1193 1231 1245 iudicaverit,
1265 1207 1506 1250 cognocere
1537 1208 1633 1250 pos-

19 1254 27 1259 *
77 1280 246 1317 sumus,
280 1265 402 1321 quod
423 1265 656 1308 Nietzsche
689 1265 855 1321 optime
886 1265 1090 1308 ostendit.
1154 1265 1326 1307 Tamen
1357 1279 1450 1307 non
1481 1265 1635 1308 omnia

76 1336 309 1394 probanda
354 1336 577 1389 videntur,
618 1350 733 1392 quae
765 1337 834 1380 vir
865 1336 938 1379 ille
979 1336 1135 1379 doctus
1177 1351 1231 1379 ex
1261 1336 1346 1379 hoc
1378 1335 1541 1379 Suidae
1571 1336 1634 1393 ip-

77 1409 170 1451 sius
210 1408 376 1451 indicio
418 1407 656 1459 concludit,
700 1422 979 1464 quamquam
1019 1408 1059 1451 ei
1095 1408 1181 1450 hoo
1223 1407 1417 1450 concedo
1449 1406 1635 1450 Suidam

77 1495 169 1523 non
201 1479 391 1523 seribere
415 1480 632 1536 potuisse:
656 1481 705 1524 ἐν
725 1486 841 1540 μέσῳ
873 1480 1038 1525 τούτων
1070 1487 1438 1540 παρεσπαρμέναι
1459 1488 1635 1538 μιαρίαι

78 1560 153 1597 καὶ
184 1554 383 1597 παιδικοῐ
415 1552 578 1610 ἔρωτες,
603 1552 639 1594 si
672 1551 711 1594 ei
743 1550 882 1594 codex
914 1555 1018 1594 ante
1039 1550 1190 1594 oculos
1213 1554 1319 1602 erat,
1351 1550 1399 1592 in
1431 1565 1522 1606 quo
1542 1564 1635 1593 non

76 1623 205 1666 aliter
235 1637 286 1666 ac
318 1637 440 1665 nunc
471 1622 518 1664 in
551 1622 798 1665 Mutinensi
829 1637 960 1665 musa
990 1622 1164 1679 poetica
1193 1622 1242 1664 in
1273 1622 1362 1664 fine
1393 1621 1635 1678 legebatur.

78 1696 182 1738 Non
214 1695 334 1738 enim
366 1694 605 1737 verisimile
636 1694 749 1736 mihi
791 1693 981 1745 videtur,
1014 1693 1200 1736 Suidam
1247 1693 1319 1736 cui
1349 1693 1398 1735 in
1427 1693 1637 1743 manibus

78 1782 223 1811 unum
259 1780 415 1809 eorum
451 1765 657 1808 codicum
687 1765 825 1808 fuisse
857 1765 1090 1808 Nietzsche
1122 1768 1262 1821 putat,
1296 1764 1375 1820 qui
1406 1778 1461 1807 ex
1491 1764 1637 1807 arche·
1662 1784 1664 1787 ·

79 1843 200 1896 typo,
230 1839 469 1889 fluxerunt,
502 1851 638 1893 quem
670 1837 743 1879 ille
765 1842 821 1888 X,
855 1836 1087 1892 significat,
1110 1836 1266 1892 paucis
1296 1835 1499 1879 versibus
1521 1849 1637 1877 ama-

80 1909 204 1953 toriis
244 1909 345 1952 libri
377 1915 423 1953 A
453 1913 729 1951 commotum
772 1922 880 1959 esse,
913 1911 964 1950 ut
1003 1912 1096 1950 tam
1136 1907 1294 1950 acriter
1325 1910 1369 1949 et
1399 1920 1551 1950 severe
1583 1905 1638 1949 de

83 1980 384 2038 Theognideis
415 1980 642 2023 iudicaret.
706 1980 859 2022 Addas
898 1983 1137 2036 praeterea,
1179 1977 1301 2034 quod
1331 1978 1429 2034 ipso
1461 1978 1637 2020 saeculo

82 2052 269 2104 decimo,
323 2066 414 2108 quo
455 2056 655 2108 tempore
697 2051 882 2094 Suidam
929 2051 1103 2093 lexicon
1149 2064 1282 2092 suum
1325 2048 1638 2105 conscripsisse

82 2123 321 2168 verisimile
358 2128 424 2166 est
472 2123 612 2166 codex
644 2122 911 2165 Mutinensis
943 2121 1133 2177 scriptus
1164 2125 1240 2163 est.
1305 2120 1464 2162 Nonne
1503 2119 1639 2176 igitur

84 2195 228 2238 multo
258 2195 402 2251 magis
434 2199 774 2238 consentareum
806 2198 872 2236 est
891 2192 1235 2249 grammaticum
1266 2191 1393 2234 illum
1425 2191 1636 2243 codicem,

84 2267 162 2324 qui
194 2270 272 2309 aut
302 2266 458 2309 eodem
489 2270 568 2309 aut
597 2266 743 2322 priore
774 2269 973 2320 tempore
1005 2263 1195 2319 scriptus
1227 2267 1332 2314 erat,
1377 2262 1636 2318 iuspexisse‚

87 2352 226 2395 quam
259 2337 424 2380 librum
455 2337 607 2380 classis
624 2337 696 2388 X.,
729 2335 990 2393 praesertim
1021 2349 1126 2377 cum
1156 2334 1306 2376 nullus
1338 2347 1493 2376 eorum
1524 2333 1637 2375 codi-

85 2424 202 2461 cum,
236 2409 311 2465 qui
345 2423 400 2451 ex
430 2409 565 2451 huius
587 2408 738 2451 classis
770 2407 1011 2463 archetypo
1043 2406 1281 2455 fluxerunt,
1305 2404 1478 2447 decimo
1509 2404 1638 2447 tertio

86 2480 262 2524 saeculo
292 2480 414 2536 prior
444 2480 535 2522 sit?
587 2478 830 2522 Reicienda
850 2477 986 2533 igitur
1016 2477 1126 2519 haec
1147 2475 1388 2518 Nietzschii
1420 2475 1640 2518 sententia

86 2552 199 2595 mihi
225 2551 403 2594 videtur
424 2555 467 2594 et
489 2549 856 2607 adstipulandum
876 2562 970 2592 esse
993 2551 1101 2604 puto
1124 2547 1386 2590 Hermanno
1405 2545 1638 2589 Schneide-

87 2624 197 2675 win,
223 2622 302 2679 qui
334 2636 434 2678 pag.
467 2622 522 2664 41
546 2621 867 2665 dissertationis
898 2634 1004 2662 suae
1026 2618 1189 2661 Suidae
1220 2617 1438 2660 iudicium
1468 2617 1526 2659 ad
1546 2631 1638 2660 ver-

89 2709 164 2738 sus
195 2693 297 2737 libri
317 2693 497 2736 alterius
519 2692 802 2736 referendum
824 2705 918 2734 esse
949 2694 1108 2733 censet.
1174 2688 1261 2731 Sed
1281 2688 1499 2731 nonnulla
1519 2692 1636 2740 sunt,

89 2780 205 2822 quae
235 2779 308 2807 me
347 2764 610 2821 impediunt,
653 2763 895 2820 quominus
934 2762 1151 2804 rationem
1195 2758 1393 2816 probem,
1438 2773 1528 2815 qua
1566 2759 1639 2801 ille

90 2836 398 2880 difficultatem
439 2836 607 2879 solvere
648 2834 807 2886 studet,
853 2847 990 2890 quam
1029 2831 1244 2888 praebent
1290 2829 1427 2874 verba
1465 2825 1559 2874 ἄλλ’
1591 2831 1640 2875 ἒν

91 2917 205 2968 μέσῳ
235 2908 402 2952 τούτων
433 2921 467 2949 6.
501 2922 544 2963 q.
579 2922 610 2950 s.
675 2907 808 2948 Putat
851 2905 970 2948 enim
1001 2903 1074 2946 ille
1104 2903 1151 2945 in
1184 2916 1234 2944 eo
1276 2901 1401 2953 libro,
1434 2900 1556 2957 quod
1590 2900 1639 2942 in

91 2978 300 3022 manibus
332 2978 610 3034 grammatici
643 2976 879 3034 Byzantini
911 2979 1017 3027 erat,
1049 2988 1140 3017 non
1172 2972 1298 3016 aliter
1330 2986 1381 3015 ac
1411 2972 1460 3015 in
1489 2970 1639 3015 codice
