1898 3418
899 213 1187 256 „42-

259 346 383 389 locus
415 346 723 389 difficultatem
769 344 962 401 praebet.
1026 344 1142 387 Cum
1183 344 1304 388 enim
1345 348 1504 388 notum
1545 345 1615 398 sit,
1661 358 1826 402 »quam

261 417 460 461 studiose
492 418 753 460 Athenaeus
784 416 831 459 id
864 430 996 472 saepe
1029 416 1179 473 egerit,
1204 420 1256 459 ut
1285 417 1323 460 si
1354 430 1447 474 qua
1475 415 1599 460 labes
1630 420 1748 461 esset
1777 416 1824 461 'm

261 504 543 532 summorum
565 486 763 533 virorum
787 487 997 545 operibus
1030 487 1320 545 moribusque
1351 489 1398 531 in
1430 488 1576 532 lucem
1608 502 1708 533 eam
1727 501 1826 546 pro-

260 561 448 608 trahat«,
484 575 538 604 ex
560 575 611 604 eo
644 560 767 618 quod
787 560 869 603 hos
895 560 1011 603 solos
1028 574 1184 604 versus
1202 561 1345 613 affert,
1370 560 1578 604 nonnulli
1598 560 1684 605 viri
1706 559 1826 604 docti

261 633 577 676 concluserunt
616 632 764 675 nullos
805 631 916 675 alios
960 631 1070 675 tales
1102 646 1258 676 versus
1289 632 1336 675 in
1381 646 1432 676 eo
1472 631 1586 676 libro
1621 631 1824 686 infuisse,

261 704 339 761 qui
382 705 429 747 in
466 704 677 748 manibus
710 703 934 747 Athenaei
976 703 1118 762 erat¹),
1151 704 1227 747 alii
1258 704 1343 748 hoc
1379 708 1496 748 certe
1535 703 1692 748 dicunt
1729 703 1830 748 fieri

259 791 351 819 non
387 777 598 833 potuisse,
621 780 672 819 ut
694 776 953 819 Athenaeus
983 775 1147 819 librum
1170 781 1212 818 Β
1231 775 1435 835 legerit2).
1484 775 1711 834 Equidem
1731 789 1827 820 sen-

262 849 466 900 tentiam,
507 863 644 905 quam
688 847 992 891 Reitzenstein
1036 847 1063 890 l.
1097 862 1132 891 c.
1166 862 1267 905 pag.
1315 849 1370 892 67
1403 862 1508 891 ann.
1542 848 1582 891 2.
1625 846 1825 905 protulit,

261 926 429 964 rectam
451 935 545 963 esse
570 934 742 972 censeo,
766 919 1053 963 Athenaeum
1075 933 1179 963 cum
1202 920 1418 977 exemplis
1440 919 1673 970 ostendere
1693 919 1829 964 vellet

261 992 571 1049 Theognidem
594 992 641 1034 in
658 992 911 1048 voluptates
933 1006 1129 1048 pronum
1143 992 1294 1044 fuisse,
1318 1006 1410 1049 qua
1426 996 1520 1036 erat
1532 991 1826 1049 malignitate,

260 1064 341 1107 has
374 1064 486 1107 duas
519 1064 682 1120 elegias
716 1063 772 1107 ob
805 1078 904 1107 eam
926 1064 1073 1121 ipsam
1096 1077 1292 1116 causam,
1326 1063 1448 1121 quod
1479 1063 1619 1107 altera
1639 1063 1826 1107 alteram

261 1136 496 1193 exciperet,
531 1136 727 1192 elegisse.
792 1135 916 1178 Nihil
947 1136 1085 1192 igitur
1126 1135 1286 1188 obstat,
1321 1136 1433 1193 quin
1471 1135 1564 1179 iam
1605 1134 1828 1179 Athenaei

260 1207 539 1264 temporibus
579 1222 736 1251 versus
778 1207 984 1250 amatorii
1021 1207 1123 1251 libri
1164 1213 1206 1250 Β
1247 1207 1367 1250 intra
1408 1207 1610 1251 earmina
1649 1206 1751 1250 libri
1781 1211 1830 1252 A

260 1278 477 1337 fuerint3),
501 1279 763 1336 praesertim
780 1294 884 1323 cum
906 1280 984 1323 vix
1000 1280 1048 1322 in
1069 1279 1280 1323 omnibus
1301 1278 1506 1323 versibus
1525 1277 1829 1336 Theognideis

261 1351 373 1394 duas
406 1351 569 1408 elegias
601 1352 819 1404 invenias,
853 1351 1018 1409 quibus
1049 1355 1182 1409 poeta
1211 1355 1306 1395 tam
1337 1355 1489 1408 aperte
1520 1350 1640 1395 dieat
1669 1365 1716 1394 se
1736 1364 1828 1395 cor-

261 1423 386 1480 poris
418 1423 727 1480 voluptatibus
760 1423 963 1467 deditum
996 1438 1104 1467 esse.
1144 1423 1279 1466 Nullo
1302 1423 1424 1466 enim
1445 1423 1533 1466 alio
1564 1423 1661 1466 loco
1682 1426 1828 1480 poeta,

262 1499 484 1552 quantum
509 1510 591 1552 ego
613 1495 721 1548 vidi,
745 1495 800 1539 de
833 1510 879 1539 se
900 1495 999 1552 ipso
1021 1495 1185 1539 talibus
1206 1494 1356 1539 verbis
1385 1509 1495 1539 usus
1516 1498 1583 1538 est
1603 1498 1655 1538 ut
1675 1497 1828 1538 nostro

262 1567 460 1610 carmine
506 1567 679 1624 potorio
718 1575 870 1627 γαστρὶ
907 1567 1234 1628 χαριζόμενού),
1281 1581 1364 1610 nec
1404 1567 1451 1610 in
1492 1566 1584 1610 ullo
1630 1566 1830 1610 carmine

265 1639 496 1692 amatorio,
529 1654 586 1682 ne
618 1640 666 1682 in
698 1640 786 1683 illis
808 1639 1006 1697 quidem,
1030 1654 1148 1696 quae
1169 1654 1292 1683 nunc
1323 1639 1370 1682 in
1403 1638 1516 1682 libro
1538 1645 1581 1684 B
1599 1642 1706 1682 sunt
1735 1642 1830 1682 tam

259 1715 412 1767 aperte
429 1711 536 1754 dicit
553 1726 598 1755 se
621 1726 865 1768 puerorum
886 1715 1133 1755 amatorem
1151 1726 1259 1755 esse.
1309 1711 1427 1754 Nam
1449 1711 1497 1754 in
1514 1711 1601 1755 illis
1616 1709 1831 1754 omnibus

260 1798 364 1826 cum
397 1787 569 1826 certum
601 1783 829 1840 quendam
862 1798 1056 1840 puerum
1088 1783 1344 1840 alloquatur
1374 1782 1589 1827 modestis
1625 1786 1671 1826 et
1699 1781 1831 1840 quasi

260 1855 460 1898 honestis
490 1855 639 1899 verbis
672 1870 781 1899 usus
813 1856 1080 1912 plerumque
1102 1855 1157 1898 de
1188 1855 1387 1898 amicitia
1416 1859 1594 1898 tantum
1617 1853 1829 1912 loquitur,

261 1927 335 1970 hic
367 1941 472 1970 cum
504 1927 623 1970 dicat
654 1942 700 1971 se
733 1942 837 1971 cum
870 1927 956 1970 alio
999 1932 1131 1984 poeta
1162 1927 1216 1970 de
1258 1941 1398 1984 puero
1439 1926 1627 1984 pulchro
1663 1929 1831 1970 certare

257 1999 387 2051 velle,
421 2004 607 2056 apparet
639 2014 744 2043 eum
788 1999 967 2056 impuro
1007 1999 1161 2056 generi
1193 1999 1359 2042 amoris
1400 1998 1605 2042 deditum
1635 1996 1828 2056 fuisse⁶).

406 2142 432 2188 ¹)
457 2143 503 2179 cf.
529 2143 683 2179 Welker
708 2145 798 2188 prol.
824 2144 1004 2191 LXXVI,
1029 2144 1228 2181 Nietzsche
1255 2144 1279 2180 1.
1306 2155 1335 2180 c.
1362 2154 1444 2189 pag.
1474 2145 1553 2179 183.

403 2202 429 2247 ²)
454 2203 576 2239 Hiller
600 2205 623 2239 l.
650 2215 679 2240 c.
706 2215 789 2250 pag.
815 2207 896 2240 469.

403 2262 434 2308 3)
459 2264 564 2310 Quod
590 2264 786 2300 Nietzsche
824 2265 868 2300 de
904 2263 991 2300 locis
1028 2263 1224 2309 Athenaei,
1259 2263 1389 2308 quibus
1426 2262 1489 2299 ille
1527 2263 1571 2299 de
1594 2262 1834 2301 Archemato

260 2322 351 2368 egit,
378 2322 479 2369 dicit,
507 2323 578 2359 alio
604 2325 681 2359 loco
707 2323 868 2360 eiusdem
886 2323 1073 2369 scriptoris
1090 2323 1136 2359 ab
1161 2323 1239 2368 ipso
1257 2323 1468 2359 Nietzschio
1493 2323 1605 2359 allato
1629 2322 1832 2366 refutatur-

259 2393 340 2418 cum
380 2383 475 2419 enim
514 2383 727 2419 Athenaeus
765 2384 940 2429 V11,310
966 2387 998 2417 A
1023 2383 1142 2420 dicat:
1182 2384 1260 2430 περὶ
1298 2381 1435 2418 τούτων
1461 2384 1569 2429 φησὶν
1592 2381 1836 2431 Ἀρχέστρατος

273 2441 284 2453 ¹
310 2446 381 2477 τῶν
411 2441 619 2490 ὀψοφάγων
643 2441 804 2483 Ἠσίοδος
829 2443 851 2487 ἢ
880 2446 1039 2491 Θέογνις,
1078 2443 1109 2479 si
1151 2448 1252 2479 recta
1289 2447 1384 2479 esset
1409 2443 1615 2480 Nietzschii
1648 2443 1694 2480 (le
1722 2442 1835 2482 Thoo-

262 2502 374 2548 gnide
413 2503 609 2550 sententia,
646 2508 859 2548 sequeretur
884 2503 1114 2541 Athenaeum
1156 2508 1302 2548 putasse
1339 2502 1495 2539 Hesiodi
1532 2513 1674 2548 quoque
1709 2501 1835 2549 poesin

267 2573 363 2599 mere
391 2563 650 2599 sententiosum
668 2574 756 2602 esse.

412 2622 440 2667 ⁴)
465 2624 666 2660 Recurrere
692 2624 780 2660 haec
805 2623 916 2660 verba
941 2635 976 2662 v.
995 2627 1065 2659 920
1090 2634 1160 2659 non
1185 2633 1242 2659 me
1267 2622 1377 2669 fugit,
1403 2623 1466 2659 sed
1490 2626 1597 2668 poeta
1620 2622 1673 2660 ibi
1698 2623 1744 2660 de
1761 2621 1834 2660 alio

266 2682 408 2718 homine
434 2683 605 2727 loquitur.

412 2742 440 2788 ⁶)
467 2743 635 2779 Fortasse
674 2743 817 2789 longius
855 2754 996 2788 quoque
1021 2742 1187 2788 progredi
1226 2752 1423 2787 possumus.
1473 2742 1611 2779 Versus
1646 2741 1732 2779 libri
1755 2746 1788 2778 B
1810 2753 1836 2779 a

273 2802 363 2839 libro
392 2807 424 2836 A
449 2803 592 2849 seiungi
617 2814 687 2839 non
712 2813 816 2848 posse
853 2803 915 2839 sed
947 2803 1151 2848 antiquitus
1187 2813 1261 2838 una
1296 2813 1377 2838 cum
1415 2813 1456 2839 eo
1480 2802 1636 2839 traditos
1658 2812 1737 2839 eme
1759 2802 1834 2840 im

258 2873 376 2907 supra
412 2873 495 2908 pag.
523 2866 565 2898 41
604 2863 764 2908 exposui.
827 2862 1002 2898 Dubitari
1038 2873 1109 2899 non
1134 2867 1264 2907 potest,
1291 2862 1378 2907 quin
1403 2862 1628 2908 Athenaeus,
1653 2861 1686 2899 si
1710 2872 1771 2899 eon
1792 2861 1834 2900 in

267 2921 358 2957 libro
386 2926 416 2955 Β
442 2922 650 2958 coniunctos
689 2923 849 2968 legisset,
888 2933 967 2958 cum
995 2921 1198 2968 Theognidi
1225 2922 1440 2958 maledicere
1467 2922 1591 2969 vellet,
1614 2921 1723 2959 huius
1748 2921 1835 2959 libri

259 2982 477 3018 mentionem
492 2982 649 3020 fecisset.
677 2982 781 3029 Quod
797 2993 877 3018 cum
891 2993 962 3018 non
977 2981 1091 3018 faciat
1108 2992 1224 3027 neque
1240 2986 1360 3018 tamen
1372 2992 1498 3017 versus
1516 2981 1600 3018 libri
1615 2986 1646 3016 Β
1658 2992 1681 3018 a
1697 2980 1790 3018 libro
1800 2980 1835 3016 A

260 3041 421 3086 separari
436 3046 599 3087 possunt,
622 3041 715 3078 nihil
754 3041 933 3086 reliquum
947 3051 1025 3079 esse
1040 3041 1198 3089 videtur,
1222 3041 1292 3078 nisi
1307 3045 1349 3080 ut
1364 3040 1546 3079 sententis
1559 3051 1640 3078 mea
1651 3040 1834 3088 probetur·
