1898 3418
919 177 1212 221 -12-

281 334 469 362 suasum
506 320 561 362 sit
583 334 762 363 versum
796 320 906 362 1117
940 321 1097 364 confici
1119 335 1208 364 non
1232 321 1429 378 potuisse
1445 321 1541 364 sine
1563 325 1695 365 versu
1713 320 1842 376 1365,

281 406 374 433 non
409 391 602 447 amplius
634 391 688 434 de
721 392 804 434 hac
837 405 882 434 rc
914 391 1128 435 disserere
1160 406 1339 436 necesse
1371 396 1448 436 est.

423 463 615 505 Versum
657 464 778 514 1238,
812 463 889 519 qui
924 467 990 506 est
1020 463 1138 506 idem
1171 478 1222 507 ae
1254 479 1294 507 v.
1323 465 1450 515 1086,
1484 463 1539 508 de
1561 456 1843 522 quibus*

281 533 403 576 sibus
440 534 527 576 iam
578 549 713 591 supra
759 549 860 591 pag.
902 535 928 577 2
975 535 1059 592 egi,
1112 535 1312 579 attulisse
1349 535 1457 579 satis
1493 534 1588 587 erit,
1624 526 1843 593 quoniaffi

1891 469 1898 557 1

1887 562 1898 606 1

280 605 349 647 his
383 605 558 648 duobus
581 605 783 649 versibus
806 606 918 649 nihil
940 606 1129 649 efficitur
1150 607 1208 650 ad
1231 606 1587 663 cognoscendam
1609 605 1844 663 rationem,
1894 616 1898 662 ξ

281 691 395 732 quae
429 677 543 720 inter
573 677 685 720 duos
708 677 1098 734 Theognideorum
1131 678 1266 722 libros
1297 678 1543 722 intercedit.
1590 678 1685 722 Nec
1714 676 1850 724 alim
1891 685 1898 746 j

284 747 575 791 iudicandum
617 753 683 791 est
719 748 773 792 de
805 763 937 792 versu
980 751 1105 801 1262,
1139 750 1217 807 qui
1249 754 1315 794 est
1351 749 1472 794 idem
1502 750 1595 794 fere
1625 764 1678 794 ac
1712 742 1840 795 1152.
1893 757 1898 767 ¹

281 819 395 862 Nam
447 835 552 862 cum
600 821 689 863 iam
723 835 859 877 supra
890 836 990 878 pag.
1024 823 1052 864 5
1096 822 1379 879 exposuerim
1419 836 1576 866 versus
1626 818 1841 876 1239ab,
1887 819 1898 849 ’-

281 891 358 946 qui
391 896 495 934 sunt
527 892 647 934 idem
679 906 730 935 ac
766 893 996 935 1151—52
1028 893 1075 936 in
1107 893 1219 937 libro
1244 893 1543 937 Bdesiderari
1576 907 1667 938 non
1696 906 1843 951 poue,
1895 941 1898 946 ,

285 977 373 1005 non
408 977 587 1006 necesse
611 968 704 1007 erat
739 969 931 1020 poetam,
955 965 1034 1022 qui
1055 979 1235 1008 versmn
1262 965 1374 1009 1262
1406 964 1595 1022 scripsit,
1618 977 1844 1010 recurreno
1896 977 1898 990 ¹

281 1034 337 1076 ad
370 1034 534 1077 librum
566 1041 624 1086 Α,
658 1036 871 1092 quoniam
904 1051 1060 1080 versus
1091 1036 1138 1079 in
1170 1036 1283 1079 libro
1315 1043 1358 1081 B
1386 1037 1426 1080 ei
1458 1040 1634 1093 praesto
1665 1039 1771 1080 erat.

428 1119 653 1169 Quoniam
686 1134 842 1163 omnes
875 1135 1043 1172 versus,
1077 1121 1154 1177 qui
1178 1125 1221 1165 et
1251 1121 1298 1164 in
1321 1120 1433 1164 libro
1455 1127 1502 1166 A
1522 1125 1566 1164 et
1585 1120 1634 1164 in
1664 1119 1779 1164 libro
1801 1125 1846 1167 Β

281 1195 533 1237 occurrunt,
557 1191 940 1247 perlustravimus,
963 1192 1053 1235 iam
1085 1193 1169 1247 hoc
1192 1207 1272 1249 pro
1294 1196 1412 1236 certo
1435 1191 1522 1236 dici
1544 1195 1690 1250 potest
1709 1191 1843 1249 plane

282 1255 551 1304 reiciendam
584 1277 678 1306 esse
712 1263 945 1306 Corsennii
977 1264 1248 1321 opinionem,
1294 1264 1372 1321 qui
1419 1268 1560 1308 totum
1605 1263 1771 1308 librum
1802 1265 1861 1313 δ’

281 1333 337 1376 ad
383 1334 638 1390 exemplum
690 1335 789 1378 libri
829 1342 874 1380 A
917 1336 1221 1393 conscriptum
1264 1350 1359 1379 esse
1380 1340 1520 1393 putat.
1569 1335 1669 1379 Hoc
1690 1338 1845 1394 tamen

282 1405 621 1448 concedendum
635 1407 717 1449 erit
738 1407 958 1450 artissime
980 1407 1062 1450 hos
1085 1407 1197 1450 duos
1219 1407 1355 1451 libros
1377 1407 1493 1451 inter
1514 1422 1560 1451 se
1581 1407 1844 1453 coniunctos

283 1491 378 1537 esse
401 1481 443 1520 et
465 1481 631 1520 certam
653 1478 883 1534 quandam
909 1471 1125 1522 rationem
1149 1479 1266 1522 inter
1287 1493 1361 1522 eos
1382 1478 1666 1523 intercedere.
1709 1476 1844 1531 Quod

282 1549 372 1591 iam
406 1549 503 1592 aliis
536 1551 813 1606 argumentis
845 1551 1107 1594 confirmare
1139 1550 1346 1594 conabor.

1020 1694 1098 1737 III.

424 1765 607 1822 Legitur
638 1766 685 1809 in
719 1781 758 1809 v.
797 1766 907 1809 1354
940 1766 1180 1823 appellatio
1204 1764 1393 1825 Κύρνεῑ),
1427 1764 1548 1823 quod
1570 1777 1842 1810 nomenoer-

281 1838 504 1880 tissimum
539 1838 715 1894 signum
751 1853 858 1890 esse,
892 1853 982 1895 quo
1013 1837 1232 1895 genuinas
1248 1837 1522 1894 Theognidis
1552 1837 1716 1894 elegias
1745 1850 1843 1896 eog-

282 1924 520 1952 noscamus
552 1924 707 1952 omnes
718 1910 818 1953 virii
836 1909 953 1953 docti
971 1910 1268 1961 consentiunt,
1287 1909 1502 1966 quoniam
1515 1908 1681 1965 apertis
1694 1906 1843 1963 verbis

282 1980 403 2037 apud
437 1981 621 2024 Suidam
655 1981 868 2024 traditum
906 1986 972 2024 est
997 1981 1311 2038 Theognidem
1345 1979 1679 2037 gnomologiam
1709 1978 1843 2038 scrip·

283 2053 391 2095 sisse
423 2052 479 2095 ad
511 2053 710 2109 Cyrnum
743 2068 934 2109 puerum
955 2058 1156 2096 amatum
1181 2078 1234 2084 —
1258 2054 1368 2113 πρὸς
1402 2051 1580 2110 Κύρνον,
1612 2052 1688 2098 τὸν
1708 2053 1845 2115 αὑτοῦ
1891 2047 1893 2049 ’

282 2123 498 2183 ἐρώμενον
531 2150 578 2155 -
599 2139 681 2167 nec
698 2125 788 2167 ulla
809 2139 941 2168 causa
965 2130 1043 2177 est,
1067 2139 1146 2168 cur
1167 2125 1213 2167 in
1237 2125 1382 2181 priore
1404 2123 1516 2167 libro
1537 2123 1652 2167 ullos
1670 2134 1840 2176 versun.

283 2195 330 2238 in
362 2195 526 2252 quibus
544 2196 627 2239 hoc
649 2211 813 2239 nomen
831 2197 1033 2248 occurrit,
1066 2200 1222 2253 poetae
1243 2195 1492 2252 Megarensi
1514 2193 1840 2248 abiudieemuaz
1893 2225 1898 2230 ·

284 2282 388 2310 nam
412 2283 451 2311 v.
473 2268 606 2310 237-
621 2268 690 2319 54,
709 2283 822 2324 quos
834 2267 1006 2311 nonulli
1022 2268 1106 2311 viri
1123 2267 1240 2310 docti
1254 2265 1504 2323 Theognidi
1521 2263 1858 2323 abiudicandoflz

285 2354 378 2382 esse
397 2344 678 2391 censuerunt,
699 2344 814 2383 recte
828 2339 939 2382 mihi
956 2340 1271 2396 interpretatus
1280 2352 1375 2382 esse
1389 2337 1566 2382 videtur
1576 2337 1631 2381 de
1647 2334 1843 2386 Leutsoh
1862 2387 1864 2390 v

286 2411 396 2453 Phil.
421 2411 504 2454 vol.
526 2411 684 2454 XXIX
697 2426 796 2468 pag.
822 2413 908 2455 680
918 2426 974 2462 ss,
989 2415 1039 2454 ut
1055 2411 1179 2454 nulla
1201 2410 1439 2454 difficultas
1461 2410 1507 2452 in
1524 2409 1579 2453 iis
1600 2411 1839 2457 remaneat.

285 2482 563 2525 studuerunt
603 2488 752 2526 autem
802 2483 1006 2526 nonnulli
1037 2482 1121 2526 viri
1166 2482 1282 2525 docti
1326 2486 1591 2538 argumento
1634 2495 1690 2524 ex
1730 2478 1842 2538 ipsis

284 2554 584 2610 Theognideis
602 2554 738 2611 petito
762 2556 1024 2598 confirmare
1046 2553 1353 2610 Theognidem
1372 2553 1520 2610 ipsum
1543 2550 1842 2610 appellatione

432 2756 458 2801 ι)
489 2755 604 2802 Κύρνε
630 2767 756 2792 nomen
784 2756 964 2801 proprium
991 2765 1067 2791 esse
1091 2766 1161 2790 non
1187 2753 1458 2799 appellativum,
1484 2753 1578 2798 quod
1602 2751 1721 2789 voluit
1743 2750 1841 2789 Wol·

285 2818 412 2853 ckcrus
439 2818 525 2862 prol.
553 2828 634 2862 pag.
665 2816 854 2861 XXXIII,
881 2826 977 2851 nunc
1010 2825 1130 2850 omnes
1156 2813 1225 2849 viri
1263 2813 1373 2858 docti,
1398 2823 1547 2857 quorum
1572 2810 1772 2848 sententias
1794 2810 1842 2848 do

286 2876 527 2921 Theognideis
546 2876 695 2921 perlegi,
720 2876 918 2911 concedunt
936 2875 981 2910 ef.
1000 2874 1175 2919 imprimis
1195 2872 1445 2909 Reitzenstein
1473 2873 1496 2911 Ι.
1521 2883 1552 2911 e.
1577 2882 1659 2917 pag.
1686 2873 1731 2909 56
1755 2881 1841 2910 unu.

291 2940 303 2971 l
333 2941 369 2971 et
397 2936 515 2971 Hiller
540 2936 577 2971 in
615 2936 729 2973 annal
770 2935 856 2979 phil.
885 2935 954 2971 vol.
981 2938 1021 2970 51
1051 2945 1133 2979 pag.
1160 2935 1242 2977 473,
1268 2937 1410 2977 praeter
1436 2931 1643 2977 Sitzlerum‚
1669 2929 1731 2976 qui
1755 2939 1840 2977 pug-

285 2999 329 3031 29
357 2996 442 3040 prol.
470 2996 514 3030 de
541 2995 604 3030 hoc
630 2995 802 3031 vocabulo
828 2994 916 3040 egit.
