1898 3418
948 203 1243 248 „36-

309 350 400 379 non
432 334 861 394 animadverteret¹),
895 328 1051 392 postea
1081 348 1187 378 cum
1210 349 1303 378 rem
1325 335 1576 378 accuratius
1597 334 1876 383 examinaret

308 412 351 451 et
368 412 576 451 naturam
602 422 757 451 eorum
774 411 1073 464 cognosceret,
1091 406 1204 450 libro
1222 413 1264 450 B
1278 421 1330 450 ea
1345 406 1569 451 insereret.
1602 406 1705 451 Duo
1719 411 1874 455 autom

307 479 385 522 illa
402 479 592 522 disticha
610 479 787 523 301-2
806 483 850 522 61
870 478 1114 530 1117-18,
1137 492 1254 535 quae
1275 492 1377 535 pag.
1404 479 1458 522 10
1472 493 1516 522 ss
1537 478 1595 522 ad
1616 478 1874 537 exemplum

311 565 525 595 versuum
561 551 795 594 1353-54
827 555 870 594 et
895 551 1125 594 1365—66
1157 551 1275 594 facta
1305 564 1401 594 esse
1432 550 1633 607 exposui,
1664 564 1759 595 non
1772 560 1874 597 sen·

311 623 476 666 tentiae
495 637 621 666 meae
639 622 830 674 obstant,
849 621 926 665 sed
947 622 1144 665 maxime
1166 636 1266 666 eam
1288 621 1599 679 comprobant;
1622 636 1731 667 nam
1750 635 1874 673 nunc

306 695 398 737 iam
421 694 748 751 cognoscimus,
771 708 909 751 quam
933 693 989 737 ob
1005 707 1189 737 causam
1210 698 1254 737 et
1273 709 1301 737 a
1317 708 1407 751 quo
1427 693 1611 738 homine
1630 693 1695 738 illi
1715 701 1873 743 versus

306 766 355 809 in
390 765 505 808 libro
527 772 572 809 A
605 770 836 823 tantopere
858 765 1085 808 immutati
1117 766 1219 809 sint.
1264 765 1498 810 Praeterea
1529 780 1632 812 mea
1651 765 1874 812 sententia

304 837 493 894 probata
524 838 727 881 omnium
760 837 1048 880 iterationum
1087 841 1310 894 quotquot
1325 838 1373 880 in
1403 837 1516 882 libro
1538 845 1585 883 A
1615 841 1869 892 occurrunt,

305 924 440 953 causa
477 910 662 954 inventa
701 913 779 962 est,
819 923 902 952 nec
941 909 1033 952 ulla
1070 909 1243 966 reliqua
1285 913 1363 962 est,
1403 924 1519 967 quae
1560 909 1871 958 difficultatem

305 981 564 1040 praebeat2).
642 981 765 1032 Quin
804 981 940 1025 etiam
982 996 1101 1025 novo
1142 985 1409 1038 argumento
1449 996 1505 1025 ex
1542 981 1640 1039 ipso
1679 995 1870 1029 numero

307 1054 603 1111 repetitorum
634 1067 849 1098 versuum
880 1053 1018 1110 petito
1036 1053 1305 1096 sententiam
1336 1067 1485 1097 meam
1515 1053 1630 1097 tueri
1661 1052 1870 1108 conabot,

304 1126 340 1168 si
372 1130 505 1168 antea
535 1139 680 1182 pauca
710 1139 968 1182 exposuero
1008 1124 1062 1168 de
1106 1139 1295 1168 numero
1335 1125 1496 1169 horum
1529 1140 1758 1179 versuum,
1788 1124 1870 1184 qui

303 1202 369 1240 est
399 1197 446 1240 in
479 1197 667 1254 singulis
698 1196 927 1240 codicibus
960 1196 1304 1242 diversissimus,

445 1269 550 1326 Egit
576 1273 727 1312 autem
750 1268 931 1312 uberius
964 1268 1018 1312 de
1050 1268 1134 1312 hac
1166 1283 1212 1312 re
1229 1268 1277 1311 F.
1302 1269 1536 1315 Nietzsche
1567 1283 1669 1326 pag.
1707 1270 1791 1314 166
1807 1283 1865 1314 ss.

303 1341 404 1384 libri
448 1341 628 1397 saepius
677 1340 859 1393 laudati,
893 1340 972 1397 qui
1009 1341 1078 1384 vir
1109 1340 1266 1384 doctus
1302 1340 1476 1398 primus
1513 1345 1736 1398 quantum
1772 1341 1866 1386 seio

301 1413 519 1470 exposuit,
553 1412 779 1471 quomodo
811 1427 967 1456 omnes
999 1412 1173 1456 codices
1205 1412 1261 1456 ab
1284 1413 1324 1457 J.
1349 1412 1550 1456 Bekkero
1581 1413 1729 1456 collati
1750 1413 1868 1459 inter

301 1499 347 1528 se
378 1485 656 1528 cohaereant.
719 1484 816 1527 Etsi
848 1488 999 1528 autem
1043 1484 1091 1527 in
1123 1499 1175 1528 eo
1207 1485 1446 1537 schemate,
1488 1484 1611 1541 quod
1642 1492 1742 1542 pag.
1781 1484 1866 1530 166

301 1557 452 1600 lectori
485 1556 708 1613 proponit,
741 1557 815 1599 hic
847 1571 969 1600 error
999 1557 1127 1608 inest,
1171 1556 1294 1614 quod
1336 1556 1537 1600 codicem
1568 1556 1796 1600 Venetum
1815 1560 1871 1601 <K

299 1629 407 1672 item
429 1643 479 1671 ac
496 1628 695 1672 codicem
718 1628 988 1672 Vaticanum
1002 1633 1038 1671 0
1061 1643 1115 1672 ex
1139 1643 1189 1672 eo
1212 1628 1376 1681 codice,
1394 1643 1532 1686 quem
1553 1628 1788 1672 Nietzsche
1803 1627 1863 1681 X,

300 1700 532 1757 significat,
567 1701 748 1743 fluxisse
780 1704 919 1757 putet,
946 1715 1051 1743 cum
1073 1715 1118 1743 re
1144 1715 1250 1744 vera
1281 1715 1335 1744 ex
1367 1700 1518 1744 codice
1544 1706 1581 1745 Ο
1613 1699 1864 1758 descriptus

299 1772 368 1824 sit,
401 1776 552 1815 tamen
584 1773 631 1814 in
664 1773 939 1829 reliquorum
986 1772 1191 1816 codicum
1238 1772 1547 1816 aestimatione
1594 1776 1711 1816 recte
1757 1785 1864 1816 eum

298 1843 518 1887 iudicasse
570 1848 691 1901 puto.
776 1844 868 1887 Nec
922 1844 1074 1888 minus
1125 1849 1241 1887 recte
1294 1844 1364 1888 vir
1415 1843 1585 1895 doctus,
1639 1847 1864 1901 quantum

299 1915 483 1972 quidem
514 1915 623 1972 ipse,
657 1916 730 1959 cui
753 1915 927 1959 codices
949 1915 1168 1972 inspicere
1190 1930 1282 1958 11011
1303 1915 1440 1966 1101111,
1475 1929 1570 1958 16111
1601 1915 1862 1960 examinare

298 1988 437 2044 potui,
471 1987 674 2039 disticha,
708 2002 824 2044 quae
856 1987 903 2030 in
937 1987 1125 2044 singulis
1157 1987 1281 2030 libris
1324 1986 1643 2043 manuscriptis
1674 1986 1864 2044 repetita

298 2063 487 2111 exstant,
522 2059 815 2112 enumeravit,
849 2058 935 2102 nisi
967 2058 1090 2116 quod
1121 2073 1222 2116 pag.
1251 2059 1333 2102 168
1364 2062 1467 2116 post
1496 2057 1679 2103 versum
1703 2057 1816 2102 1082
1832 2057 1863 2103 b

298 2145 390 2174 non
421 2131 567 2174 solum
589 2146 629 2175 v.
651 2132 827 2175 87—90
844 2131 922 2174 sed
939 2131 1073 2174 etiam
1106 2146 1148 2175 v.
1182 2131 1357 2174 93—94
1388 2130 1436 2173 111
1457 2129 1669 2174 codicbus
1689 2135 1737 2176 A
1751 2133 1801 2177 01
1824 2135 1863 2176 0

297 2203 507 2260 repetitos
524 2217 619 2246 esse
637 2202 756 2255 dicit,
780 2203 859 2260 qui
878 2217 1033 2247 versus
1055 2203 1240 2246 omnino
1259 2203 1307 2245 in
1330 2202 1453 2245 nullo
1469 2201 1868 2262 Theognideorumy

298 2274 411 2318 libro
444 2274 513 2318 bis
545 2279 795 2318 occurrunt.
860 2275 998 2318 Plane
1045 2275 1182 2331 igitur
1225 2274 1479 2318 Nietzschio
1524 2272 1863 2319 assentiendum

297 2361 394 2390 esse
426 2351 548 2404 puto,
583 2347 662 2403 qui
693 2346 851 2390 eadem
882 2347 1049 2404 pagina
1098 2346 1215 2389 hanc
1261 2346 1430 2403 profert
1475 2345 1768 2389 sententiam:
1798 2344 1863 2389 ΕΒ

283 2417 444 2462 lassen
477 2418 573 2461 sich
605 2418 698 2462 also
729 2432 903 2475 genaue
925 2418 1171 2461 Parallelen
1203 2418 1359 2461 ziehen
1391 2417 1612 2461 zwischen
1644 2416 1724 2462 der
1743 2416 1863 2461 Gutta

297 2489 377 2532 der
407 2489 763 2534 Handschriften
795 2490 890 2533 und
921 2490 1000 2533 der
1021 2490 1132 2533 Zahl
1162 2489 1283 2533 ihrer
1304 2488 1728 2546 Wiederholungen.
1776 2487 1863 2532 Die

299 2561 586 2619 Vermutung
616 2561 675 2605 ist
706 2562 822 2605 wohl
852 2561 1197 2619 gerechtfertigt,
1246 2560 1349 2604 dass
1396 2561 1512 2604 auch
1543 2567 1590 2606 A
1619 2560 1746 2604 nicht
1773 2559 1861 2609 alle

440 2788 466 2834 ¹)
489 2789 629 2826 Tuetur
654 2788 746 2825 hanc
770 2787 985 2835 opinionem,
1023 2788 1117 2834 quod
1156 2788 1193 2824 hi
1230 2787 1351 2824 decem
1377 2797 1502 2824 versus
1527 2786 1642 2824 multo
1665 2783 1863 2824 innocenti·

295 2861 373 2886 ores
399 2854 495 2895 sunt,
522 2854 564 2886 ut
589 2849 643 2885 ita
668 2849 796 2895 dicam,
823 2860 929 2894 quam
956 2849 1118 2894 plerique
1143 2848 1207 2884 alii
1234 2847 1318 2884 libri
1346 2851 1385 2885 B.

439 2909 465 2953 ²)
491 2909 627 2945 Tamen
661 2919 731 2944 non
768 2919 861 2953 nego
898 2908 976 2945 fieri
1015 2918 1128 2954 posse,
1165 2912 1208 2944 ut
1244 2917 1355 2943 unum
1393 2907 1452 2943 vel
1489 2906 1644 2943 alterum
1680 2903 1862 2949 distichon

294 2969 466 3005 iteratum
505 2968 566 3014 sit,
605 2968 691 3013 quia
729 2974 902 3013 tanquam
941 2969 1039 3004 locus
1064 2968 1259 3013 parallelus
1288 2966 1325 3002 in
1351 2966 1516 3011 margine
1540 2965 1747 3011 adscriptus
1770 2968 1861 3008 m

295 3028 351 3067 Cf.
378 3039 461 3066 81111.
499 3039 582 3074 pag.
609 3031 666 3065 53.
