1898 3418
727 181 1022 225 ,11-

235 311 336 355 Non
370 311 554 355 minoris
592 312 807 355 momenti
853 327 990 369 quam
1020 327 1176 356 versus
1225 313 1337 356 1353
1385 327 1440 355 ss.
1474 312 1651 355 videtur

96 397 250 427 versus
287 384 396 426 1365
430 398 536 435 esse,
570 398 703 440 quem
737 384 1015 426 simillimum
1057 398 1150 427 6556
1182 384 1329 427 versui
1365 385 1474 426 1117
1518 398 1650 426 nemo

94 469 185 497 non
219 454 352 498 videt.
416 455 483 498 De
514 454 678 511 quibus
709 455 912 499 versibus
943 460 1058 498 recte
1090 456 1201 498 mihi
1233 455 1452 498 iudicasse
1474 455 1651 498 videtur

96 525 410 578 Reitzenstein,
457 526 534 582 qui
566 541 666 583 pag.
701 527 756 569 82
788 527 814 568 l.
850 541 884 570 c.
919 531 1082 570 contra⁴
1104 541 1177 570 605
1207 527 1326 571 viros
1358 527 1530 579 doctos,
1573 527 1651 582 qui

98 611 279 640 versum
301 595 335 641 ὦ
367 598 539 642 παίδων
584 600 782 642 κάλλιπε
812 605 888 642 καὶ
929 603 1203 658 ἶμεροέστατε
1241 600 1421 644 πάντων
1456 613 1483 641 a
1521 602 1652 654 poeta

94 669 423 711 conformatum
454 683 547 712 esse
580 669 637 711 ad
668 670 923 726 exemplum
955 685 1109 713 versus
1156 671 1322 715 Πλοῦτε
1354 673 1477 714 θεοῖν
1509 671 1651 713 κάλλι-

95 754 170 784 στε
199 748 271 784 καὶ
303 743 578 797 ἱμεροέστατε
610 743 793 786 πάντων
824 741 991 792 dicunt,
1025 742 1208 798 exponit
1249 745 1427 798 poetam
1470 741 1526 784 ad
1559 755 1649 783 ver-

95 825 198 854 sum
223 811 334 854 1365
357 811 683 854 conficiendum
714 827 846 855 usum
870 827 964 855 esse
995 813 1065 856 his
1086 813 1288 857 versibus
1318 827 1372 855 ex
1395 812 1651 869 Oedipodea

95 882 262 940 cyclica
291 884 482 940 sumptis

309 950 402 999 oc'M’
435 956 499 999 ἔτι
529 955 761 1000 κάλλιστόν
791 975 837 1001 τε
869 963 944 1001 καῖ
975 962 1277 1016 ἱμεροέστατον
1309 955 1454 1000 ἄλλων

307 1028 450 1071 παῖδα
483 1029 607 1084 φίλον
640 1034 863 1084 Κρείοντος
894 1025 1117 1085 οἷμύμονοε
1148 1032 1324 1086 Αἵμονα
1365 1030 1470 1073 δῖον.

237 1121 387 1178 Pergit·
417 1126 566 1165 autem
598 1123 668 1166 vir
699 1123 854 1166 doctus
885 1123 957 1166 ille
989 1124 1074 1166 sic:
1110 1124 1160 1166 In
1195 1124 1273 1166 der
1303 1123 1513 1180 epischen
1544 1124 1650 1166 Vor-

95 1192 194 1249 lage
227 1207 375 1236 waren
406 1193 477 1236 die
498 1194 709 1250 Epitheta
730 1196 954 1248 κάλλιστος
974 1204 1048 1240 καὶ
1081 1201 1377 1254 ἱμεροέστατος
1397 1209 1486 1238 von
1503 1195 1649 1238 einem

95 1264 293 1307 schonen
324 1265 518 1307 Knaben
549 1265 814 1322 gebraucht;
849 1281 894 1309 es
925 1267 983 1309 ist
1013 1266 1092 1309 das
1124 1267 1239 1309 auch
1281 1267 1359 1309 das
1392 1266 1536 1322 einzig
1567 1267 1649 1309 Na-

95 1339 370 1391 turgemasse
389 1363 443 1367 ——
461 1337 553 1379 also
585 1337 642 1379 ist
673 1337 750 1380 der
783 1338 894 1380 Vers
927 1337 1005 1380 der
1026 1342 1171 1380 ersten
1194 1337 1459 1394 Sammlung
1480 1340 1650 1383 Πλοῦτε

96 1421 132 1449 e.
156 1421 198 1462 q.
223 1421 254 1449 s.
288 1407 424 1463 grade
465 1409 730 1464 umgekehrt
777 1409 874 1451 eine
907 1409 1223 1465 Nachbildung
1271 1424 1357 1452 von
1394 1410 1506 1452 1365
1556 1409 1649 1451 und

96 1477 284 1534 bezeugt
314 1478 471 1521 dessen
504 1479 690 1522 hoheres
712 1480 847 1523 Alter.
898 1481 999 1531 Qua
1019 1481 1065 1522 in
1088 1495 1134 1523 re
1155 1481 1287 1536 plane
1305 1481 1649 1524 Reitzensteinio

97 1550 314 1602 assentio;
349 1550 426 1593 sed
457 1551 626 1593 accedit
656 1551 791 1603 aliud,
814 1566 904 1607 quo
937 1551 1252 1608 comprobatur
1273 1552 1517 1594 admodum
1539 1552 1648 1594 anti—

96 1635 240 1677 quum
271 1635 365 1664 esse
396 1626 600 1664 nostrum
640 1622 740 1665 libri
772 1629 814 1666 B
842 1622 1071 1680 versum.¹)
1131 1624 1371 1667 Inventum
1418 1623 1538 1666 enim
1585 1628 1650 1665 est

95 1691 144 1734 in
177 1693 390 1749 sepulcris
413 1693 684 1750 Tanagraeis
715 1709 795 1737 vas
827 1695 972 1746 fictile,
1006 1695 1053 1736 in
1085 1709 1174 1751 quo
1206 1695 1351 1751 pictus
1384 1699 1449 1737 est
1479 1695 1548 1738 vir
1579 1709 1648 1737 cu-

97 1763 222 1815 bans,
255 1764 382 1807 cuius
415 1779 469 1807 ex
500 1779 574 1807 ore
606 1765 828 1822 prodeunt
859 1766 1019 1809 verba:
1054 1762 1093 1809 οῗ
1123 1769 1298 1811 παίδων
1319 1767 1532 1810 κάλλιστε.
1582 1766 1648 1808 De

97 1849 188 1891 qua
218 1835 392 1891 pictura
421 1836 593 1892 primus
625 1837 714 1893 egit
747 1837 800 1880 U.
834 1838 1030 1880 Koehler
1061 1837 1386 1893 (Mitteilungen
1419 1837 1496 1880 des
1528 1837 1648 1879 deut-

97 1905 232 1949 schen
265 1907 655 1963 archaologischen
687 1909 891 1951 Instituts
923 1923 977 1951 zu
999 1909 1160 1960 Athen,
1194 1909 1278 1952 vol.
1298 1909 1363 1951 IX
1381 1923 1480 1965 pag.
1504 1908 1646 1959 1--4)‚

98 1978 177 2033 qui
208 1978 420 2021 artificem
452 1983 603 2022 nostro
635 1980 732 2036 ipso
764 1981 960 2023 carmine
993 1984 1267 2023 commotum
1299 1994 1393 2023 esse
1426 1979 1553 2031 dicit,
1598 1984 1648 2022 ut

86 2062 196 2102 ⁸eam
228 2064 321 2092 rem
360 2050 610 2094 illustraret.
673 2051 787 2093 Cum
834 2056 983 2094 autem
1030 2052 1140 2094 illud
1186 2066 1264 2095 vas
1311 2051 1437 2093 initio
1484 2051 1647 2093 saeculi

97 2120 243 2176 quinti
273 2126 376 2164 ante
407 2122 508 2164 Chr.
543 2137 584 2164 n.
619 2123 787 2165 factum
819 2138 913 2165 esse
944 2123 1160 2172 videatur,
1193 2127 1394 2165 nostrum
1426 2122 1645 2164 distichon

96 2191 188 2234 iam
218 2196 313 2234 tum
353 2194 548 2236 extitisse
596 2194 952 2237 concludendum
1000 2198 1076 2237 est.
1140 2195 1231 2236 Nec
1280 2194 1457 2250 probari
1504 2198 1647 2250 potest

98 2263 330 2306 Corsennii
362 2265 592 2317 sententia,
626 2266 703 2321 qui
736 2270 786 2308 ut
818 2280 946 2308 suam
978 2265 1031 2308 de
1064 2265 1175 2308 libro
1209 2272 1249 2308 B
1269 2265 1525 2321 opinionem
1557 2269 1645 2307 tue-

97 2339 210 2386 atur,
243 2339 372 2391 putat
401 2337 557 2379 artifici
589 2337 702 2379 alius
719 2341 850 2393 poet-a
871 2337 1147 2393 antiquioris,
1172 2336 1426 2378 Mimnermi
1448 2337 1644 2384 fortasse,

98 2420 278 2449 carmen
312 2408 515 2464 exemplo
546 2409 696 2460 fuisse,
731 2408 784 2451 de
817 2423 906 2464 quo
938 2408 1134 2450 carmine
1181 2423 1279 2464 pag.
1315 2408 1371 2449 22
1403 2407 1428 2449 l.
1463 2421 1498 2450 c.
1538 2407 1646 2449 haec

98 2478 242 2520 affert:
277 2478 398 2533 quod
429 2479 562 2521 etiam
594 2484 819 2522 auctorem
853 2494 1061 2522 versuum
1095 2479 1356 2535 appendicis
1396 2478 1572 2521 novisse
1605 2483 1647 2520 et

98 2549 146 2591 in
177 2553 326 2592 mente
357 2549 565 2593 habuisse
588 2565 639 2593 ea
661 2565 715 2593 ex
738 2565 795 2602 re,
820 2550 941 2606 quod
974 2550 1139 2606 pluries
1161 2564 1316 2593 versus
1341 2549 1644 2605 antiquiorum

99 2624 330 2676 poetarum
362 2621 669 2677 elegiacorum,
702 2626 752 2664 ut
774 2622 960 2673 Solonis,
984 2621 1252 2672 Mimnermi,
1274 2621 1321 2663 111
1348 2635 1488 2680 usumv
1513 2635 1645 2662 suum

98 2692 375 2742 converterit,
415 2698 529 2735 recte
575 2693 806 2735 conicias«
874 2692 1012 2735 Nobis
1059 2707 1161 2734 cum
1208 2697 1364 2734 notum
1411 2692 1478 2739 sit,
1527 2691 1645 2733 unde

99 2768 229 2819 poeta
260 2763 454 2819 epitheta
483 2764 571 2816 illa,
604 2764 767 2820 quibus
799 2778 910 2820 puer
940 2768 1134 2815 ornatur,
1183 2763 1421 2819 sumpserit
1467 2767 1509 2805 et
1554 2777 1646 2818 per-

243 2989 270 3033 l)
297 2989 340 3024 cf.
368 2989 619 3026 Reitzensteiu
644 2990 667 3025 l.
694 3000 722 3024 c.
750 3000 830 3035 pag.
857 2991 913 3024 85.
