<?xml version="1.0" encoding="UTF-8"?>
<!DOCTYPE html PUBLIC "-//W3C//DTD XHTML 1.0 Transitional//EN"
    "http://www.w3.org/TR/xhtml1/DTD/xhtml1-transitional.dtd">
<html xmlns="http://www.w3.org/1999/xhtml" xml:lang="en" lang="en">
 <head>
  <title>
</title>
<meta http-equiv="Content-Type" content="text/html;charset=utf-8" />
  <meta name='ocr-system' content='tesseract 3.04.00' />
  <meta name='ocr-capabilities' content='ocr_page ocr_carea ocr_par ocr_line ocrx_word'/>
</head>
<body>
  <div class='ocr_page' id='page_1' title='image "./quaeratiointerce00fresuoft_0036.png"; bbox 0 0 1898 3418; ppageno 0'>
   <div class='ocr_carea' id='block_1_1' title="bbox 1778 0 1898 217">
    <p class='ocr_par' dir='ltr' id='par_1_1' title="bbox 1778 0 1898 217">
     <span class='ocr_line' id='line_1_1' title="bbox 1778 0 1898 217; baseline 0 3201"><span class='ocrx_word' id='word_1_1' title='bbox 1778 0 1898 217; x_wconf 95' lang='lat' dir='ltr'> </span> 
     </span>
    </p>
   </div>
   <div class='ocr_carea' id='block_1_2' title="bbox 924 225 1219 269">
    <p class='ocr_par' dir='ltr' id='par_1_2' title="bbox 924 225 1219 269">
     <span class='ocr_line' id='line_1_2' title="bbox 924 225 1219 269; baseline 0 -11"><span class='ocrx_word' id='word_1_2' title='bbox 924 225 1219 269; x_wconf 74' lang='lat'>-28—</span> 
     </span>
    </p>
   </div>
   <div class='ocr_carea' id='block_1_3' title="bbox 281 354 1898 493">
    <p class='ocr_par' dir='ltr' id='par_1_3' title="bbox 281 354 1848 493">
     <span class='ocr_line' id='line_1_3' title="bbox 424 354 1848 416; baseline 0.006 -20"><span class='ocrx_word' id='word_1_3' title='bbox 424 354 475 396; x_wconf 90' lang='lat' dir='ltr'>In</span> <span class='ocrx_word' id='word_1_4' title='bbox 511 354 716 397; x_wconf 82' lang='lat' dir='ltr'>versibus</span> <span class='ocrx_word' id='word_1_5' title='bbox 765 356 892 398; x_wconf 37' lang='lat' dir='ltr'>877n</span> <span class='ocrx_word' id='word_1_6' title='bbox 916 357 983 408; x_wconf 86' lang='lat'>78,</span> <span class='ocrx_word' id='word_1_7' title='bbox 1033 357 1111 414; x_wconf 91' lang='lat' dir='ltr'>qui</span> <span class='ocrx_word' id='word_1_8' title='bbox 1150 362 1386 402; x_wconf 85' lang='lat' dir='ltr'>recurrunt</span> <span class='ocrx_word' id='word_1_9' title='bbox 1415 363 1517 416; x_wconf 83' lang='lat' dir='ltr'>post</span> <span class='ocrx_word' id='word_1_10' title='bbox 1552 359 1677 412; x_wconf 83' lang='lat'>1070,</span> <span class='ocrx_word' id='word_1_11' title='bbox 1708 356 1848 405; x_wconf 61' lang='lat' dir='ltr'>verba</span> 
     </span>
     <span class='ocr_line' id='line_1_4' title="bbox 281 423 1898 493; baseline 0.005 -25"><span class='ocrx_word' id='word_1_12' title='bbox 281 423 369 482; x_wconf 83' lang='grc' dir='ltr'>η’βα</span> <span class='ocrx_word' id='word_1_13' title='bbox 402 445 475 482; x_wconf 83' lang='grc' dir='ltr'>μοι</span> <span class='ocrx_word' id='word_1_14' title='bbox 509 429 604 482; x_wconf 72' lang='grc' dir='ltr'>φίλε</span> <span class='ocrx_word' id='word_1_15' title='bbox 640 432 761 483; x_wconf 67' lang='grc' dir='ltr'>θυμέ</span> <span class='ocrx_word' id='word_1_16' title='bbox 804 427 861 470; x_wconf 90' lang='lat' dir='ltr'>ab</span> <span class='ocrx_word' id='word_1_17' title='bbox 893 428 1208 485; x_wconf 82' lang='lat' dir='ltr'>interpolatore</span> <span class='ocrx_word' id='word_1_18' title='bbox 1255 434 1429 473; x_wconf 89' lang='lat' dir='ltr'>mutata</span> <span class='ocrx_word' id='word_1_19' title='bbox 1477 445 1572 474; x_wconf 87' lang='lat' dir='ltr'>esse</span> <span class='ocrx_word' id='word_1_20' title='bbox 1612 430 1660 474; x_wconf 92' lang='lat' dir='ltr'>in</span> <span class='ocrx_word' id='word_1_21' title='bbox 1690 438 1898 493; x_wconf 67' lang='grc' dir='ltr'>τέρπου·</span> 
     </span>
    </p>
   </div>
   <div class='ocr_carea' id='block_1_4' title="bbox 1893 317 1898 422">
    <p class='ocr_par' dir='ltr' id='par_1_4' title="bbox 1893 317 1898 422">
     <span class='ocr_line' id='line_1_5' title="bbox 1894 317 1898 341; baseline 0 0"><span class='ocrx_word' id='word_1_22' title='bbox 1894 317 1898 341; x_wconf 91' lang='grc' dir='ltr'>Ι</span> 
     </span>
     <span class='ocr_line' id='line_1_6' title="bbox 1893 350 1898 377; baseline 0 0"><span class='ocrx_word' id='word_1_23' title='bbox 1893 350 1898 377; x_wconf 84' lang='lat' dir='ltr'>i</span> 
     </span>
     <span class='ocr_line' id='line_1_7' title="bbox 1893 402 1898 422; baseline 0 0"><span class='ocrx_word' id='word_1_24' title='bbox 1893 402 1898 422; x_wconf 83' lang='grc'>1</span> 
     </span>
    </p>
   </div>
   <div class='ocr_carea' id='block_1_5' title="bbox 278 499 1898 663">
    <p class='ocr_par' dir='ltr' id='par_1_5' title="bbox 278 499 1898 631">
     <span class='ocr_line' id='line_1_8' title="bbox 278 499 1898 561; baseline 0.002 -22"><span class='ocrx_word' id='word_1_25' title='bbox 278 515 351 553; x_wconf 84' lang='grc' dir='ltr'>μοι</span> <span class='ocrx_word' id='word_1_26' title='bbox 385 499 477 553; x_wconf 66' lang='grc' dir='ltr'>φίλε</span> <span class='ocrx_word' id='word_1_27' title='bbox 530 504 661 555; x_wconf 58' lang='grc' dir='ltr'><strong><em>θυμέ,</em></strong></span> <span class='ocrx_word' id='word_1_28' title='bbox 711 499 831 555; x_wconf 85' lang='lat' dir='ltr'>quod</span> <span class='ocrx_word' id='word_1_29' title='bbox 883 499 1069 542; x_wconf 84' lang='lat' dir='ltr'>verbum</span> <span class='ocrx_word' id='word_1_30' title='bbox 1103 502 1247 558; x_wconf 71' lang='grc' dir='ltr'>ἤβοῖω,</span> <span class='ocrx_word' id='word_1_31' title='bbox 1296 501 1367 544; x_wconf 84' lang='lat' dir='ltr'>cui</span> <span class='ocrx_word' id='word_1_32' title='bbox 1416 516 1573 546; x_wconf 81' lang='lat' dir='ltr'>Sensus</span> <span class='ocrx_word' id='word_1_33' title='bbox 1618 500 1898 561; x_wconf 65' lang='grc' dir='ltr'>88,Πᾶοψ</span> <span class='ocrx_word' id='word_1_34' title='bbox 1894 538 1898 543; x_wconf 93' lang='lat'>.</span> 
     </span>
     <span class='ocr_line' id='line_1_9' title="bbox 280 568 1898 663; baseline 0.006 -55"><span class='ocrx_word' id='word_1_35' title='bbox 280 582 369 609; x_wconf 90' lang='lat' dir='ltr'>non</span> <span class='ocrx_word' id='word_1_36' title='bbox 404 568 548 611; x_wconf 87' lang='lat' dir='ltr'>inesse</span> <span class='ocrx_word' id='word_1_37' title='bbox 595 569 717 622; x_wconf 89' lang='lat' dir='ltr'>solet,</span> <span class='ocrx_word' id='word_1_38' title='bbox 767 585 871 613; x_wconf 91' lang='lat' dir='ltr'>eum</span> <span class='ocrx_word' id='word_1_39' title='bbox 922 571 1180 624; x_wconf 83' lang='lat' dir='ltr'>offenderet,</span> <span class='ocrx_word' id='word_1_40' title='bbox 1227 572 1397 616; x_wconf 85' lang='lat' dir='ltr'><strong>Jordan</strong></span> <span class='ocrx_word' id='word_1_41' title='bbox 1443 587 1543 631; x_wconf 89' lang='lat' dir='ltr'>pag.</span> <span class='ocrx_word' id='word_1_42' title='bbox 1581 574 1632 616; x_wconf 95' lang='grc'>11</span> <span class='ocrx_word' id='word_1_43' title='bbox 1680 573 1844 663; x_wconf 50' lang='lat' dir='ltr'>docuitf</span> <span class='ocrx_word' id='word_1_44' title='bbox 1890 602 1898 608; x_wconf 85' lang='lat'><em>-</em></span> 
     </span>
    </p>
   </div>
   <div class='ocr_carea' id='block_1_6' title="bbox 283 629 1550 702">
    <p class='ocr_par' dir='ltr' id='par_1_6' title="bbox 283 629 1550 702">
     <span class='ocr_line' id='line_1_10' title="bbox 283 629 1550 702; baseline 0.006 -22"><span class='ocrx_word' id='word_1_45' title='bbox 283 638 496 682; x_wconf 79' lang='lat' dir='ltr'>Similiter</span> <span class='ocrx_word' id='word_1_46' title='bbox 527 640 581 683; x_wconf 90' lang='lat' dir='ltr'>de</span> <span class='ocrx_word' id='word_1_47' title='bbox 613 641 683 684; x_wconf 87' lang='lat' dir='ltr'>his</span> <span class='ocrx_word' id='word_1_48' title='bbox 715 629 919 685; x_wconf 81' lang='lat' dir='ltr'>versibus</span> <span class='ocrx_word' id='word_1_49' title='bbox 944 643 1089 700; x_wconf 85' lang='lat' dir='ltr'>Bergk</span> <span class='ocrx_word' id='word_1_50' title='bbox 1112 648 1155 687; x_wconf 90' lang='lat' dir='ltr'>et</span> <span class='ocrx_word' id='word_1_51' title='bbox 1175 644 1320 687; x_wconf 86' lang='lat' dir='ltr'>Cauer</span> <span class='ocrx_word' id='word_1_52' title='bbox 1351 649 1550 702; x_wconf 88' lang='lat' dir='ltr'>egerunt.</span> 
     </span>
    </p>
   </div>
   <div class='ocr_carea' id='block_1_7' title="bbox 425 712 1898 773">
    <p class='ocr_par' dir='ltr' id='par_1_7' title="bbox 425 712 1898 773">
     <span class='ocr_line' id='line_1_11' title="bbox 425 712 1898 773; baseline 0.005 -20"><span class='ocrx_word' id='word_1_53' title='bbox 425 712 650 762; x_wconf 73' lang='lat' dir='ltr'>Quoniam</span> <span class='ocrx_word' id='word_1_54' title='bbox 671 714 732 756; x_wconf 84' lang='lat' dir='ltr'>sic</span> <span class='ocrx_word' id='word_1_55' title='bbox 753 728 908 756; x_wconf 87' lang='lat' dir='ltr'>omnes</span> <span class='ocrx_word' id='word_1_56' title='bbox 930 729 1086 758; x_wconf 82' lang='lat' dir='ltr'>versus</span> <span class='ocrx_word' id='word_1_57' title='bbox 1108 716 1316 772; x_wconf 85' lang='lat' dir='ltr'>repetitos</span> <span class='ocrx_word' id='word_1_58' title='bbox 1338 716 1722 773; x_wconf 76' lang='lat' dir='ltr'>perlustravimus,</span> <span class='ocrx_word' id='word_1_59' title='bbox 1753 714 1849 761; x_wconf 77' lang='lat' dir='ltr'>im</span> <span class='ocrx_word' id='word_1_60' title='bbox 1895 719 1898 729; x_wconf 77' lang='lat'>¹</span> 
     </span>
    </p>
   </div>
   <div class='ocr_carea' id='block_1_8' title="bbox 279 781 1846 914">
    <p class='ocr_par' dir='ltr' id='par_1_8' title="bbox 279 781 1846 914">
     <span class='ocr_line' id='line_1_12' title="bbox 279 781 1846 842; baseline 0.006 -19"><span class='ocrx_word' id='word_1_61' title='bbox 279 781 362 825; x_wconf 88' lang='lat' dir='ltr'>hoe</span> <span class='ocrx_word' id='word_1_62' title='bbox 372 782 515 826; x_wconf 86' lang='lat' dir='ltr'>dicere</span> <span class='ocrx_word' id='word_1_63' title='bbox 526 783 644 826; x_wconf 89' lang='lat' dir='ltr'>licet:</span> <span class='ocrx_word' id='word_1_64' title='bbox 660 785 907 842; x_wconf 84' lang='lat' dir='ltr'>Nunquam</span> <span class='ocrx_word' id='word_1_65' title='bbox 920 786 981 829; x_wconf 87' lang='lat' dir='ltr'>ita</span> <span class='ocrx_word' id='word_1_66' title='bbox 992 801 1060 829; x_wconf 87' lang='lat' dir='ltr'>res</span> <span class='ocrx_word' id='word_1_67' title='bbox 1072 801 1118 830; x_wconf 89' lang='lat' dir='ltr'>se</span> <span class='ocrx_word' id='word_1_68' title='bbox 1128 787 1274 839; x_wconf 84' lang='lat' dir='ltr'>habet,</span> <span class='ocrx_word' id='word_1_69' title='bbox 1286 792 1336 830; x_wconf 95' lang='lat' dir='ltr'>ut</span> <span class='ocrx_word' id='word_1_70' title='bbox 1345 788 1595 832; x_wconf 89' lang='lat' dir='ltr'>necessario</span> <span class='ocrx_word' id='word_1_71' title='bbox 1605 786 1846 832; x_wconf 67' lang='lat' dir='ltr'>conceden-</span> 
     </span>
     <span class='ocr_line' id='line_1_13' title="bbox 284 853 1846 914; baseline 0.006 -20"><span class='ocrx_word' id='word_1_72' title='bbox 284 853 391 895; x_wconf 86' lang='lat' dir='ltr'>dum</span> <span class='ocrx_word' id='word_1_73' title='bbox 411 855 467 897; x_wconf 86' lang='lat' dir='ltr'>sit</span> <span class='ocrx_word' id='word_1_74' title='bbox 484 855 531 897; x_wconf 89' lang='lat' dir='ltr'>in</span> <span class='ocrx_word' id='word_1_75' title='bbox 550 856 752 900; x_wconf 86' lang='lat' dir='ltr'>versibus</span> <span class='ocrx_word' id='word_1_76' title='bbox 771 858 968 913; x_wconf 87' lang='lat' dir='ltr'>repetitis</span> <span class='ocrx_word' id='word_1_77' title='bbox 983 858 1224 914; x_wconf 84' lang='lat' dir='ltr'>posteriore</span> <span class='ocrx_word' id='word_1_78' title='bbox 1247 859 1343 903; x_wconf 92' lang='grc'>1000</span> <span class='ocrx_word' id='word_1_79' title='bbox 1357 859 1588 903; x_wconf 90' lang='lat' dir='ltr'>meliorem</span> <span class='ocrx_word' id='word_1_80' title='bbox 1608 859 1846 904; x_wconf 83' lang='lat' dir='ltr'>lectionem</span> 
     </span>
    </p>
   </div>
   <div class='ocr_carea' id='block_1_9' title="bbox 279 926 1898 1059">
    <p class='ocr_par' dir='ltr' id='par_1_9' title="bbox 279 926 1898 1059">
     <span class='ocr_line' id='line_1_14' title="bbox 279 926 1898 978; baseline 0.006 -12"><span class='ocrx_word' id='word_1_81' title='bbox 279 930 480 978; x_wconf 85' lang='lat' dir='ltr'>exstare;</span> <span class='ocrx_word' id='word_1_82' title='bbox 516 926 692 970; x_wconf 88' lang='lat' dir='ltr'>duobus</span> <span class='ocrx_word' id='word_1_83' title='bbox 738 929 925 972; x_wconf 81' lang='lat' dir='ltr'>fortasse</span> <span class='ocrx_word' id='word_1_84' title='bbox 957 929 1064 973; x_wconf 82' lang='lat' dir='ltr'>loeis</span> <span class='ocrx_word' id='word_1_85' title='bbox 1095 945 1136 974; x_wconf 87' lang='lat' dir='ltr'>v.</span> <span class='ocrx_word' id='word_1_86' title='bbox 1175 931 1377 975; x_wconf 72' lang='lat'>115—16</span> <span class='ocrx_word' id='word_1_87' title='bbox 1410 936 1453 974; x_wconf 93' lang='lat' dir='ltr'>et</span> <span class='ocrx_word' id='word_1_88' title='bbox 1483 932 1621 975; x_wconf 79' lang='lat'>211—</span> <span class='ocrx_word' id='word_1_89' title='bbox 1635 931 1688 974; x_wconf 80' lang='lat'>12</span> <span class='ocrx_word' id='word_1_90' title='bbox 1719 929 1846 976; x_wconf 84' lang='lat' dir='ltr'>dubi·</span> <span class='ocrx_word' id='word_1_91' title='bbox 1896 956 1898 958; x_wconf 97' lang='lat'>·</span> 
     </span>
     <span class='ocr_line' id='line_1_15' title="bbox 285 997 1898 1059; baseline 0.006 -21"><span class='ocrx_word' id='word_1_92' title='bbox 285 997 369 1039; x_wconf 87' lang='lat' dir='ltr'>tari</span> <span class='ocrx_word' id='word_1_93' title='bbox 402 1003 560 1053; x_wconf 89' lang='lat' dir='ltr'>potest,</span> <span class='ocrx_word' id='word_1_94' title='bbox 611 1003 762 1042; x_wconf 88' lang='lat' dir='ltr'>utrum</span> <span class='ocrx_word' id='word_1_95' title='bbox 809 1001 955 1057; x_wconf 89' lang='lat' dir='ltr'>priore</span> <span class='ocrx_word' id='word_1_96' title='bbox 1004 1016 1061 1044; x_wconf 93' lang='lat' dir='ltr'>an</span> <span class='ocrx_word' id='word_1_97' title='bbox 1112 1003 1354 1059; x_wconf 88' lang='lat' dir='ltr'>posteriore</span> <span class='ocrx_word' id='word_1_98' title='bbox 1401 1003 1497 1047; x_wconf 91' lang='grc'>1000</span> <span class='ocrx_word' id='word_1_99' title='bbox 1527 1003 1686 1047; x_wconf 90' lang='lat' dir='ltr'>melior</span> <span class='ocrx_word' id='word_1_100' title='bbox 1713 1001 1898 1047; x_wconf 69' lang='lat' dir='ltr'>lectio·⁴</span> 
     </span>
    </p>
   </div>
   <div class='ocr_carea' id='block_1_10' title="bbox 285 1070 1890 1131">
    <p class='ocr_par' dir='ltr' id='par_1_10' title="bbox 285 1070 1890 1131">
     <span class='ocr_line' id='line_1_16' title="bbox 285 1070 1890 1131; baseline 0.006 -21"><span class='ocrx_word' id='word_1_101' title='bbox 285 1073 459 1112; x_wconf 80' lang='lat' dir='ltr'>servata</span> <span class='ocrx_word' id='word_1_102' title='bbox 492 1070 560 1122; x_wconf 88' lang='lat' dir='ltr'>sit,</span> <span class='ocrx_word' id='word_1_103' title='bbox 595 1071 777 1127; x_wconf 87' lang='lat' dir='ltr'>reliquis</span> <span class='ocrx_word' id='word_1_104' title='bbox 810 1073 1019 1116; x_wconf 92' lang='lat' dir='ltr'>omnibus</span> <span class='ocrx_word' id='word_1_105' title='bbox 1053 1074 1160 1117; x_wconf 82' lang='lat' dir='ltr'>loeis</span> <span class='ocrx_word' id='word_1_106' title='bbox 1182 1074 1328 1131; x_wconf 88' lang='lat' dir='ltr'>priore</span> <span class='ocrx_word' id='word_1_107' title='bbox 1360 1074 1454 1118; x_wconf 92' lang='grc'>1000</span> <span class='ocrx_word' id='word_1_108' title='bbox 1478 1074 1707 1118; x_wconf 90' lang='lat' dir='ltr'>meliorem</span> <span class='ocrx_word' id='word_1_109' title='bbox 1727 1073 1846 1119; x_wconf 51' lang='lat' dir='ltr'>lecti*</span> <span class='ocrx_word' id='word_1_110' title='bbox 1886 1080 1890 1083; x_wconf 82' lang='grc'><em>“</em></span> 
     </span>
    </p>
   </div>
   <div class='ocr_carea' id='block_1_11' title="bbox 277 1136 1848 1204">
    <p class='ocr_par' dir='ltr' id='par_1_11' title="bbox 277 1136 1848 1204">
     <span class='ocr_line' id='line_1_17' title="bbox 277 1136 1848 1204; baseline 0.006 -22"><span class='ocrx_word' id='word_1_111' title='bbox 277 1154 411 1182; x_wconf 85' lang='lat' dir='ltr'>onem</span> <span class='ocrx_word' id='word_1_112' title='bbox 446 1146 620 1185; x_wconf 83' lang='lat' dir='ltr'>exstare</span> <span class='ocrx_word' id='word_1_113' title='bbox 654 1147 696 1185; x_wconf 91' lang='lat' dir='ltr'>et</span> <span class='ocrx_word' id='word_1_114' title='bbox 728 1143 785 1186; x_wconf 88' lang='lat' dir='ltr'>ad</span> <span class='ocrx_word' id='word_1_115' title='bbox 817 1144 912 1187; x_wconf 83' lang='lat' dir='ltr'>eius</span> <span class='ocrx_word' id='word_1_116' title='bbox 951 1146 1207 1202; x_wconf 85' lang='lat' dir='ltr'>exemplum</span> <span class='ocrx_word' id='word_1_117' title='bbox 1246 1160 1402 1190; x_wconf 87' lang='lat' dir='ltr'>versus</span> <span class='ocrx_word' id='word_1_118' title='bbox 1434 1146 1643 1204; x_wconf 87' lang='lat' dir='ltr'>repetitos</span> <span class='ocrx_word' id='word_1_119' title='bbox 1673 1160 1702 1190; x_wconf 88' lang='lat' dir='ltr'>a</span> <span class='ocrx_word' id='word_1_120' title='bbox 1731 1136 1848 1191; x_wconf 42' lang='lat' dir='ltr'>diors</span> 
     </span>
    </p>
   </div>
   <div class='ocr_carea' id='block_1_12' title="bbox 278 1212 1898 1274">
    <p class='ocr_par' dir='ltr' id='par_1_12' title="bbox 278 1212 1898 1274">
     <span class='ocr_line' id='line_1_18' title="bbox 278 1212 1898 1274; baseline 0.006 -21"><span class='ocrx_word' id='word_1_121' title='bbox 278 1212 402 1255; x_wconf 86' lang='lat' dir='ltr'>thota</span> <span class='ocrx_word' id='word_1_122' title='bbox 432 1213 508 1255; x_wconf 91' lang='lat' dir='ltr'>illo</span> <span class='ocrx_word' id='word_1_123' title='bbox 533 1216 874 1258; x_wconf 73' lang='lat' dir='ltr'>transformatos</span> <span class='ocrx_word' id='word_1_124' title='bbox 907 1231 1001 1259; x_wconf 84' lang='lat' dir='ltr'>esse</span> <span class='ocrx_word' id='word_1_125' title='bbox 1024 1218 1338 1274; x_wconf 84' lang='lat' dir='ltr'>comprobasse</span> <span class='ocrx_word' id='word_1_126' title='bbox 1369 1218 1481 1261; x_wconf 84' lang='lat' dir='ltr'>mihi</span> <span class='ocrx_word' id='word_1_127' title='bbox 1513 1217 1679 1262; x_wconf 87' lang='lat' dir='ltr'>videor.</span> <span class='ocrx_word' id='word_1_128' title='bbox 1726 1217 1844 1263; x_wconf 86' lang='lat' dir='ltr'>Cum</span> <span class='ocrx_word' id='word_1_129' title='bbox 1896 1247 1898 1249; x_wconf 87' lang='lat'>·</span> 
     </span>
    </p>
   </div>
   <div class='ocr_carea' id='block_1_13' title="bbox 274 1283 1846 1420">
    <p class='ocr_par' dir='ltr' id='par_1_13' title="bbox 274 1283 1846 1420">
     <span class='ocr_line' id='line_1_19' title="bbox 274 1283 1844 1345; baseline 0.005 -19"><span class='ocrx_word' id='word_1_130' title='bbox 274 1283 412 1339; x_wconf 89' lang='lat' dir='ltr'>igitur</span> <span class='ocrx_word' id='word_1_131' title='bbox 459 1291 631 1329; x_wconf 82' lang='lat' dir='ltr'>constet</span> <span class='ocrx_word' id='word_1_132' title='bbox 664 1301 717 1329; x_wconf 87' lang='lat' dir='ltr'>ex</span> <span class='ocrx_word' id='word_1_133' title='bbox 766 1287 876 1344; x_wconf 87' lang='lat' dir='ltr'>ipsis</span> <span class='ocrx_word' id='word_1_134' title='bbox 909 1288 1210 1345; x_wconf 88' lang='lat' dir='ltr'>Theognideis</span> <span class='ocrx_word' id='word_1_135' title='bbox 1242 1290 1446 1333; x_wconf 86' lang='lat' dir='ltr'>versibus</span> <span class='ocrx_word' id='word_1_136' title='bbox 1477 1289 1844 1335; x_wconf 74' lang='lat' dir='ltr'>antecedentibus</span> 
     </span>
     <span class='ocr_line' id='line_1_20' title="bbox 277 1358 1846 1420; baseline 0.006 -23"><span class='ocrx_word' id='word_1_137' title='bbox 277 1370 435 1399; x_wconf 84' lang='lat' dir='ltr'>versus</span> <span class='ocrx_word' id='word_1_138' title='bbox 468 1358 678 1413; x_wconf 86' lang='lat' dir='ltr'>repetitos</span> <span class='ocrx_word' id='word_1_139' title='bbox 711 1358 767 1401; x_wconf 88' lang='lat' dir='ltr'>ab</span> <span class='ocrx_word' id='word_1_140' title='bbox 799 1359 1114 1416; x_wconf 87' lang='lat' dir='ltr'>interpolatore</span> <span class='ocrx_word' id='word_1_141' title='bbox 1152 1366 1355 1418; x_wconf 85' lang='lat' dir='ltr'>sumptos</span> <span class='ocrx_word' id='word_1_142' title='bbox 1387 1376 1482 1405; x_wconf 89' lang='lat' dir='ltr'>esse</span> <span class='ocrx_word' id='word_1_143' title='bbox 1497 1361 1540 1420; x_wconf 87' lang='lat'>¹),</span> <span class='ocrx_word' id='word_1_144' title='bbox 1574 1361 1747 1419; x_wconf 82' lang='lat' dir='ltr'>reliqua</span> <span class='ocrx_word' id='word_1_145' title='bbox 1775 1365 1846 1407; x_wconf 73' lang='lat' dir='ltr'>est</span> 
     </span>
    </p>
   </div>
   <div class='ocr_carea' id='block_1_14' title="bbox 277 1429 1898 1486">
    <p class='ocr_par' dir='ltr' id='par_1_14' title="bbox 277 1429 1898 1486">
     <span class='ocr_line' id='line_1_21' title="bbox 277 1429 1898 1486; baseline 0.004 -17"><span class='ocrx_word' id='word_1_146' title='bbox 277 1429 496 1483; x_wconf 79' lang='lat' dir='ltr'>quaestio,</span> <span class='ocrx_word' id='word_1_147' title='bbox 547 1444 685 1486; x_wconf 89' lang='lat' dir='ltr'>quam</span> <span class='ocrx_word' id='word_1_148' title='bbox 733 1445 915 1473; x_wconf 87' lang='lat' dir='ltr'>causam</span> <span class='ocrx_word' id='word_1_149' title='bbox 963 1431 1170 1476; x_wconf 87' lang='lat' dir='ltr'>habuerit</span> <span class='ocrx_word' id='word_1_150' title='bbox 1218 1433 1295 1476; x_wconf 89' lang='lat' dir='ltr'>ille</span> <span class='ocrx_word' id='word_1_151' title='bbox 1348 1433 1484 1477; x_wconf 91' lang='lat' dir='ltr'>homo</span> <span class='ocrx_word' id='word_1_152' title='bbox 1537 1432 1844 1478; x_wconf 79' lang='lat' dir='ltr'>iterandorum</span> <span class='ocrx_word' id='word_1_153' title='bbox 1895 1470 1898 1475; x_wconf 92' lang='lat'>.</span> 
     </span>
    </p>
   </div>
   <div class='ocr_carea' id='block_1_15' title="bbox 272 1502 1841 1920">
    <p class='ocr_par' dir='ltr' id='par_1_15' title="bbox 273 1502 1841 1630">
     <span class='ocr_line' id='line_1_22' title="bbox 274 1502 1841 1559; baseline 0.006 -18"><span class='ocrx_word' id='word_1_154' title='bbox 274 1514 485 1543; x_wconf 89' lang='lat' dir='ltr'>versuum</span> <span class='ocrx_word' id='word_1_155' title='bbox 535 1506 577 1544; x_wconf 91' lang='lat' dir='ltr'>et</span> <span class='ocrx_word' id='word_1_156' title='bbox 608 1516 687 1544; x_wconf 90' lang='lat' dir='ltr'>cur</span> <span class='ocrx_word' id='word_1_157' title='bbox 727 1502 797 1546; x_wconf 92' lang='lat' dir='ltr'>his</span> <span class='ocrx_word' id='word_1_158' title='bbox 828 1503 938 1559; x_wconf 87' lang='lat' dir='ltr'>ipsis</span> <span class='ocrx_word' id='word_1_159' title='bbox 970 1503 1090 1556; x_wconf 77' lang='lat' dir='ltr'>locis,</span> <span class='ocrx_word' id='word_1_160' title='bbox 1141 1504 1219 1547; x_wconf 91' lang='lat' dir='ltr'>ubi</span> <span class='ocrx_word' id='word_1_161' title='bbox 1266 1519 1388 1548; x_wconf 86' lang='lat' dir='ltr'>nunc</span> <span class='ocrx_word' id='word_1_162' title='bbox 1435 1509 1626 1558; x_wconf 86' lang='lat' dir='ltr'>exstant,</span> <span class='ocrx_word' id='word_1_163' title='bbox 1675 1505 1841 1550; x_wconf 86' lang='lat' dir='ltr'>iterum</span> 
     </span>
     <span class='ocr_line' id='line_1_23' title="bbox 273 1571 891 1630; baseline 0.006 -17"><span class='ocrx_word' id='word_1_164' title='bbox 273 1585 347 1614; x_wconf 89' lang='lat' dir='ltr'>eos</span> <span class='ocrx_word' id='word_1_165' title='bbox 379 1571 426 1614; x_wconf 89' lang='lat' dir='ltr'>in</span> <span class='ocrx_word' id='word_1_166' title='bbox 459 1576 631 1615; x_wconf 85' lang='lat' dir='ltr'>textum</span> <span class='ocrx_word' id='word_1_167' title='bbox 665 1575 891 1630; x_wconf 81' lang='lat' dir='ltr'>receperit.</span> 
     </span>
    </p>

    <p class='ocr_par' dir='ltr' id='par_1_16' title="bbox 272 1716 1840 1920">
     <span class='ocr_line' id='line_1_24' title="bbox 420 1716 1839 1778; baseline 0.005 -20"><span class='ocrx_word' id='word_1_168' title='bbox 420 1716 501 1759; x_wconf 85' lang='lat' dir='ltr'>Est</span> <span class='ocrx_word' id='word_1_169' title='bbox 532 1721 683 1760; x_wconf 89' lang='lat' dir='ltr'>autem</span> <span class='ocrx_word' id='word_1_170' title='bbox 716 1717 852 1760; x_wconf 86' lang='lat' dir='ltr'>totius</span> <span class='ocrx_word' id='word_1_171' title='bbox 898 1718 998 1761; x_wconf 86' lang='lat' dir='ltr'>libri</span> <span class='ocrx_word' id='word_1_172' title='bbox 1031 1726 1076 1763; x_wconf 84' lang='lat' dir='ltr'><em>A</em></span> <span class='ocrx_word' id='word_1_173' title='bbox 1122 1719 1318 1762; x_wconf 89' lang='lat' dir='ltr'>conditio</span> <span class='ocrx_word' id='word_1_174' title='bbox 1350 1734 1414 1771; x_wconf 84' lang='lat' dir='ltr'>ea,</span> <span class='ocrx_word' id='word_1_175' title='bbox 1463 1723 1513 1763; x_wconf 91' lang='lat' dir='ltr'>ut</span> <span class='ocrx_word' id='word_1_176' title='bbox 1559 1733 1839 1778; x_wconf 79' lang='lat' dir='ltr'>quamquam</span> 
     </span>
     <span class='ocr_line' id='line_1_25' title="bbox 279 1787 1840 1848; baseline 0.004 -19"><span class='ocrx_word' id='word_1_177' title='bbox 279 1787 484 1843; x_wconf 79' lang='lat' dir='ltr'>singulae</span> <span class='ocrx_word' id='word_1_178' title='bbox 524 1789 690 1845; x_wconf 85' lang='lat' dir='ltr'>elegiae</span> <span class='ocrx_word' id='word_1_179' title='bbox 728 1789 852 1832; x_wconf 92' lang='lat' dir='ltr'>nullo</span> <span class='ocrx_word' id='word_1_180' title='bbox 889 1795 1008 1834; x_wconf 89' lang='lat' dir='ltr'>certo</span> <span class='ocrx_word' id='word_1_181' title='bbox 1047 1791 1371 1834; x_wconf 84' lang='lat' dir='ltr'>sententiarum</span> <span class='ocrx_word' id='word_1_182' title='bbox 1408 1806 1615 1835; x_wconf 88' lang='lat' dir='ltr'>connexu</span> <span class='ocrx_word' id='word_1_183' title='bbox 1646 1792 1840 1848; x_wconf 62' lang='lat' dir='ltr'>contine-</span> 
     </span>
     <span class='ocr_line' id='line_1_26' title="bbox 272 1861 1838 1920; baseline 0.004 -19"><span class='ocrx_word' id='word_1_184' title='bbox 272 1863 406 1901; x_wconf 87' lang='lat' dir='ltr'>antur</span> <span class='ocrx_word' id='word_1_185' title='bbox 438 1865 479 1902; x_wconf 85' lang='lat' dir='ltr'>et</span> <span class='ocrx_word' id='word_1_186' title='bbox 513 1861 772 1917; x_wconf 80' lang='lat' dir='ltr'>saepissime</span> <span class='ocrx_word' id='word_1_187' title='bbox 805 1862 1006 1905; x_wconf 86' lang='lat' dir='ltr'>carmina</span> <span class='ocrx_word' id='word_1_188' title='bbox 1037 1862 1328 1906; x_wconf 87' lang='lat' dir='ltr'>diversissimi</span> <span class='ocrx_word' id='word_1_189' title='bbox 1370 1864 1623 1920; x_wconf 84' lang='lat' dir='ltr'>argumenti</span> <span class='ocrx_word' id='word_1_190' title='bbox 1655 1863 1838 1908; x_wconf 70' lang='lat' dir='ltr'>coniun-</span> 
     </span>
    </p>
   </div>
   <div class='ocr_carea' id='block_1_16' title="bbox 271 1933 1898 1992">
    <p class='ocr_par' dir='ltr' id='par_1_17' title="bbox 271 1933 1898 1992">
     <span class='ocr_line' id='line_1_27' title="bbox 271 1933 1898 1992; baseline 0.004 -19"><span class='ocrx_word' id='word_1_191' title='bbox 271 1936 449 1987; x_wconf 86' lang='lat' dir='ltr'>gantur,</span> <span class='ocrx_word' id='word_1_192' title='bbox 485 1936 635 1975; x_wconf 88' lang='lat' dir='ltr'>tamen</span> <span class='ocrx_word' id='word_1_193' title='bbox 666 1933 713 1975; x_wconf 90' lang='lat' dir='ltr'>in</span> <span class='ocrx_word' id='word_1_194' title='bbox 747 1934 976 1977; x_wconf 89' lang='lat' dir='ltr'>nonnullis</span> <span class='ocrx_word' id='word_1_195' title='bbox 1010 1934 1212 1991; x_wconf 85' lang='lat' dir='ltr'>partibus</span> <span class='ocrx_word' id='word_1_196' title='bbox 1234 1935 1333 1978; x_wconf 90' lang='lat' dir='ltr'>libri</span> <span class='ocrx_word' id='word_1_197' title='bbox 1366 1935 1486 1978; x_wconf 88' lang='lat' dir='ltr'>idem</span> <span class='ocrx_word' id='word_1_198' title='bbox 1518 1939 1836 1992; x_wconf 86' lang='lat' dir='ltr'>argumentum</span> <span class='ocrx_word' id='word_1_199' title='bbox 1890 1943 1898 1991; x_wconf 58' lang='grc' dir='ltr'>ζ·</span> 
     </span>
    </p>
   </div>
   <div class='ocr_carea' id='block_1_17' title="bbox 270 2004 1841 2208">
    <p class='ocr_par' dir='ltr' id='par_1_18' title="bbox 270 2004 1837 2208">
     <span class='ocr_line' id='line_1_28' title="bbox 272 2004 1837 2063; baseline 0.004 -18"><span class='ocrx_word' id='word_1_200' title='bbox 272 2004 401 2059; x_wconf 83' lang='lat' dir='ltr'>quasi</span> <span class='ocrx_word' id='word_1_201' title='bbox 450 2005 716 2060; x_wconf 85' lang='lat' dir='ltr'>praevaleat,</span> <span class='ocrx_word' id='word_1_202' title='bbox 765 2010 815 2048; x_wconf 90' lang='lat' dir='ltr'>ut</span> <span class='ocrx_word' id='word_1_203' title='bbox 846 2020 882 2048; x_wconf 93' lang='lat' dir='ltr'>e.</span> <span class='ocrx_word' id='word_1_204' title='bbox 916 2021 980 2062; x_wconf 91' lang='lat' dir='ltr'>gr.</span> <span class='ocrx_word' id='word_1_205' title='bbox 1034 2011 1165 2063; x_wconf 90' lang='lat' dir='ltr'>poeta</span> <span class='ocrx_word' id='word_1_206' title='bbox 1210 2007 1257 2049; x_wconf 89' lang='lat' dir='ltr'>in</span> <span class='ocrx_word' id='word_1_207' title='bbox 1303 2006 1508 2051; x_wconf 87' lang='lat' dir='ltr'>versibus</span> <span class='ocrx_word' id='word_1_208' title='bbox 1556 2008 1697 2051; x_wconf 87' lang='lat'>1-18</span> <span class='ocrx_word' id='word_1_209' title='bbox 1729 2007 1837 2052; x_wconf 78' lang='lat' dir='ltr'>deos</span> 
     </span>
     <span class='ocr_line' id='line_1_29' title="bbox 270 2074 1841 2136; baseline 0.004 -19"><span class='ocrx_word' id='word_1_210' title='bbox 270 2074 465 2126; x_wconf 84' lang='lat' dir='ltr'>invocat,</span> <span class='ocrx_word' id='word_1_211' title='bbox 499 2076 545 2118; x_wconf 91' lang='lat' dir='ltr'>in</span> <span class='ocrx_word' id='word_1_212' title='bbox 578 2091 620 2119; x_wconf 83' lang='lat' dir='ltr'>v</span> <span class='ocrx_word' id='word_1_213' title='bbox 644 2078 747 2119; x_wconf 79' lang='lat'>39—</span> <span class='ocrx_word' id='word_1_214' title='bbox 764 2078 820 2120; x_wconf 87' lang='lat'>60</span> <span class='ocrx_word' id='word_1_215' title='bbox 839 2078 903 2134; x_wconf 61' lang='lat' dir='ltr'>C)</span> <span class='ocrx_word' id='word_1_216' title='bbox 910 2092 1043 2120; x_wconf 90' lang='lat' dir='ltr'>rnum</span> <span class='ocrx_word' id='word_1_217' title='bbox 1076 2078 1350 2130; x_wconf 80' lang='lat' dir='ltr'>adhortatur,</span> <span class='ocrx_word' id='word_1_218' title='bbox 1385 2083 1434 2122; x_wconf 89' lang='lat' dir='ltr'>ut</span> <span class='ocrx_word' id='word_1_219' title='bbox 1464 2079 1711 2136; x_wconf 89' lang='lat' dir='ltr'>praeceptis</span> <span class='ocrx_word' id='word_1_220' title='bbox 1742 2079 1841 2124; x_wconf 83' lang='lat' dir='ltr'>suis</span> 
     </span>
     <span class='ocr_line' id='line_1_30' title="bbox 270 2148 1834 2208; baseline 0.004 -20"><span class='ocrx_word' id='word_1_221' title='bbox 270 2151 436 2202; x_wconf 73' lang='lat' dir='ltr'>paleat,</span> <span class='ocrx_word' id='word_1_222' title='bbox 471 2163 512 2190; x_wconf 88' lang='lat' dir='ltr'>v.</span> <span class='ocrx_word' id='word_1_223' title='bbox 548 2149 752 2190; x_wconf 76' lang='lat'>61--128</span> <span class='ocrx_word' id='word_1_224' title='bbox 787 2148 927 2201; x_wconf 86' lang='lat' dir='ltr'>docet,</span> <span class='ocrx_word' id='word_1_225' title='bbox 963 2164 1054 2206; x_wconf 89' lang='lat' dir='ltr'>qua</span> <span class='ocrx_word' id='word_1_226' title='bbox 1103 2150 1272 2193; x_wconf 86' lang='lat' dir='ltr'>ratione</span> <span class='ocrx_word' id='word_1_227' title='bbox 1320 2150 1451 2194; x_wconf 87' lang='lat' dir='ltr'>amici</span> <span class='ocrx_word' id='word_1_228' title='bbox 1500 2150 1694 2208; x_wconf 85' lang='lat' dir='ltr'>eligendi</span> <span class='ocrx_word' id='word_1_229' title='bbox 1730 2151 1834 2204; x_wconf 80' lang='lat' dir='ltr'>sint,</span> 
     </span>
    </p>
   </div>
   <div class='ocr_carea' id='block_1_18' title="bbox 271 2215 1895 2279">
    <p class='ocr_par' dir='ltr' id='par_1_19' title="bbox 271 2215 1895 2279">
     <span class='ocr_line' id='line_1_31' title="bbox 271 2215 1895 2279; baseline 0.004 -19"><span class='ocrx_word' id='word_1_230' title='bbox 271 2233 311 2261; x_wconf 91' lang='lat' dir='ltr'>v.</span> <span class='ocrx_word' id='word_1_231' title='bbox 351 2220 476 2261; x_wconf 79' lang='lat'>129--</span> <span class='ocrx_word' id='word_1_232' title='bbox 500 2220 580 2262; x_wconf 83' lang='lat'>172</span> <span class='ocrx_word' id='word_1_233' title='bbox 631 2219 686 2262; x_wconf 91' lang='lat' dir='ltr'>de</span> <span class='ocrx_word' id='word_1_234' title='bbox 719 2220 903 2263; x_wconf 89' lang='lat' dir='ltr'>deorum</span> <span class='ocrx_word' id='word_1_235' title='bbox 953 2226 995 2264; x_wconf 90' lang='lat' dir='ltr'>et</span> <span class='ocrx_word' id='word_1_236' title='bbox 1027 2222 1232 2265; x_wconf 78' lang='lat' dir='ltr'>fortunae</span> <span class='ocrx_word' id='word_1_237' title='bbox 1280 2222 1491 2279; x_wconf 84' lang='lat' dir='ltr'>potentia,</span> <span class='ocrx_word' id='word_1_238' title='bbox 1525 2237 1566 2266; x_wconf 89' lang='lat' dir='ltr'>v</span> <span class='ocrx_word' id='word_1_239' title='bbox 1603 2215 1838 2276; x_wconf 73' lang='lat'>173-208&#39;</span> <span class='ocrx_word' id='word_1_240' title='bbox 1892 2264 1895 2266; x_wconf 88' lang='lat'>.</span> 
     </span>
    </p>
   </div>
   <div class='ocr_carea' id='block_1_19' title="bbox 268 2290 1841 2637">
    <p class='ocr_par' dir='ltr' id='par_1_20' title="bbox 268 2290 1841 2637">
     <span class='ocr_line' id='line_1_32' title="bbox 270 2290 1835 2345; baseline 0.005 -15"><span class='ocrx_word' id='word_1_241' title='bbox 270 2290 324 2333; x_wconf 78' lang='lat' dir='ltr'>sle</span> <span class='ocrx_word' id='word_1_242' title='bbox 358 2290 539 2343; x_wconf 86' lang='lat' dir='ltr'>divitiis,</span> <span class='ocrx_word' id='word_1_243' title='bbox 566 2307 606 2335; x_wconf 88' lang='lat' dir='ltr'>v</span> <span class='ocrx_word' id='word_1_244' title='bbox 641 2292 878 2335; x_wconf 78' lang='lat'>467-510</span> <span class='ocrx_word' id='word_1_245' title='bbox 911 2292 965 2335; x_wconf 91' lang='lat' dir='ltr'>de</span> <span class='ocrx_word' id='word_1_246' title='bbox 997 2293 1116 2345; x_wconf 87' lang='lat' dir='ltr'>vino,</span> <span class='ocrx_word' id='word_1_247' title='bbox 1150 2309 1191 2337; x_wconf 92' lang='lat' dir='ltr'>v.</span> <span class='ocrx_word' id='word_1_248' title='bbox 1227 2294 1462 2337; x_wconf 79' lang='lat'>667—730</span> <span class='ocrx_word' id='word_1_249' title='bbox 1493 2294 1657 2338; x_wconf 89' lang='lat' dir='ltr'>iterum</span> <span class='ocrx_word' id='word_1_250' title='bbox 1687 2293 1743 2338; x_wconf 90' lang='lat' dir='ltr'>de</span> <span class='ocrx_word' id='word_1_251' title='bbox 1773 2292 1835 2339; x_wconf 88' lang='lat' dir='ltr'>di·</span> 
     </span>
     <span class='ocr_line' id='line_1_33' title="bbox 269 2362 1841 2424; baseline 0.004 -20"><span class='ocrx_word' id='word_1_252' title='bbox 269 2362 389 2405; x_wconf 87' lang='lat' dir='ltr'>vitiis</span> <span class='ocrx_word' id='word_1_253' title='bbox 423 2363 526 2418; x_wconf 86' lang='lat' dir='ltr'>agit.</span> <span class='ocrx_word' id='word_1_254' title='bbox 591 2363 659 2406; x_wconf 88' lang='lat' dir='ltr'>Ita</span> <span class='ocrx_word' id='word_1_255' title='bbox 706 2364 753 2405; x_wconf 90' lang='lat' dir='ltr'>in</span> <span class='ocrx_word' id='word_1_256' title='bbox 801 2378 852 2407; x_wconf 92' lang='lat' dir='ltr'>ea</span> <span class='ocrx_word' id='word_1_257' title='bbox 883 2379 1064 2421; x_wconf 90' lang='lat' dir='ltr'>quoque</span> <span class='ocrx_word' id='word_1_258' title='bbox 1106 2370 1230 2422; x_wconf 86' lang='lat' dir='ltr'>parte</span> <span class='ocrx_word' id='word_1_259' title='bbox 1263 2365 1363 2408; x_wconf 89' lang='lat' dir='ltr'>libri</span> <span class='ocrx_word' id='word_1_260' title='bbox 1395 2365 1685 2422; x_wconf 67' lang='lat' dir='ltr'>Theogffldei,</span> <span class='ocrx_word' id='word_1_261' title='bbox 1717 2377 1841 2424; x_wconf 61' lang='lat' dir='ltr'>quaes</span> 
     </span>
     <span class='ocr_line' id='line_1_34' title="bbox 269 2431 1834 2496; baseline 0.003 -19"><span class='ocrx_word' id='word_1_262' title='bbox 269 2449 424 2477; x_wconf 78' lang='lat' dir='ltr'>versus</span> <span class='ocrx_word' id='word_1_263' title='bbox 453 2435 538 2477; x_wconf 85' lang='lat'>949</span> <span class='ocrx_word' id='word_1_264' title='bbox 550 2461 583 2465; x_wconf 75' lang='lat'>--</span> <span class='ocrx_word' id='word_1_265' title='bbox 608 2436 717 2477; x_wconf 81' lang='lat'>1184</span> <span class='ocrx_word' id='word_1_266' title='bbox 729 2450 755 2478; x_wconf 90' lang='lat' dir='ltr'>a</span> <span class='ocrx_word' id='word_1_267' title='bbox 772 2436 800 2478; x_wconf 94' lang='lat' dir='ltr'>b</span> <span class='ocrx_word' id='word_1_268' title='bbox 833 2436 1043 2488; x_wconf 85' lang='lat' dir='ltr'>continet,</span> <span class='ocrx_word' id='word_1_269' title='bbox 1076 2437 1121 2479; x_wconf 91' lang='lat' dir='ltr'>in</span> <span class='ocrx_word' id='word_1_270' title='bbox 1144 2436 1309 2493; x_wconf 89' lang='lat' dir='ltr'>quibus</span> <span class='ocrx_word' id='word_1_271' title='bbox 1336 2441 1442 2480; x_wconf 90' lang='lat' dir='ltr'>sunt</span> <span class='ocrx_word' id='word_1_272' title='bbox 1462 2437 1682 2494; x_wconf 83' lang='lat' dir='ltr'>plurimae</span> <span class='ocrx_word' id='word_1_273' title='bbox 1713 2431 1834 2496; x_wconf 75' lang='lat' dir='ltr'>repe-¹</span> 
     </span>
     <span class='ocr_line' id='line_1_35' title="bbox 270 2506 1832 2565; baseline 0.003 -17"><span class='ocrx_word' id='word_1_274' title='bbox 270 2506 449 2549; x_wconf 86' lang='lat' dir='ltr'>titiones</span> <span class='ocrx_word' id='word_1_275' title='bbox 498 2507 531 2549; x_wconf 90' lang='lat' dir='ltr'>si</span> <span class='ocrx_word' id='word_1_276' title='bbox 582 2522 671 2549; x_wconf 91' lang='lat' dir='ltr'>non</span> <span class='ocrx_word' id='word_1_277' title='bbox 721 2522 890 2559; x_wconf 89' lang='lat' dir='ltr'>omnes,</span> <span class='ocrx_word' id='word_1_278' title='bbox 938 2511 1088 2551; x_wconf 88' lang='lat' dir='ltr'>tamen</span> <span class='ocrx_word' id='word_1_279' title='bbox 1137 2508 1384 2565; x_wconf 86' lang='lat' dir='ltr'>permultae</span> <span class='ocrx_word' id='word_1_280' title='bbox 1430 2508 1595 2565; x_wconf 89' lang='lat' dir='ltr'>elegiae</span> <span class='ocrx_word' id='word_1_281' title='bbox 1642 2508 1832 2553; x_wconf 83' lang='lat' dir='ltr'>eandem</span> 
     </span>
     <span class='ocr_line' id='line_1_36' title="bbox 268 2578 1838 2637; baseline 0.003 -17"><span class='ocrx_word' id='word_1_282' title='bbox 268 2578 463 2620; x_wconf 82' lang='lat' dir='ltr'>indolem</span> <span class='ocrx_word' id='word_1_283' title='bbox 500 2593 606 2634; x_wconf 84' lang='lat' dir='ltr'>prae</span> <span class='ocrx_word' id='word_1_284' title='bbox 640 2594 685 2622; x_wconf 83' lang='lat' dir='ltr'>se</span> <span class='ocrx_word' id='word_1_285' title='bbox 717 2580 880 2631; x_wconf 74' lang='lat' dir='ltr'>ferunt,</span> <span class='ocrx_word' id='word_1_286' title='bbox 915 2585 964 2622; x_wconf 90' lang='lat' dir='ltr'>ut</span> <span class='ocrx_word' id='word_1_287' title='bbox 995 2594 1148 2623; x_wconf 91' lang='lat' dir='ltr'>eorum</span> <span class='ocrx_word' id='word_1_288' title='bbox 1181 2585 1498 2637; x_wconf 86' lang='lat' dir='ltr'>argumentum</span> <span class='ocrx_word' id='word_1_289' title='bbox 1530 2581 1576 2623; x_wconf 89' lang='lat' dir='ltr'>in</span> <span class='ocrx_word' id='word_1_290' title='bbox 1609 2585 1702 2625; x_wconf 84' lang='lat' dir='ltr'>tota</span> <span class='ocrx_word' id='word_1_291' title='bbox 1745 2579 1838 2635; x_wconf 28' lang='lat' dir='ltr'>hae,</span> 
     </span>
    </p>
   </div>
   <div class='ocr_carea' id='block_1_20' title="bbox 266 2650 1859 2716">
    <p class='ocr_par' dir='ltr' id='par_1_21' title="bbox 266 2650 1859 2716">
     <span class='ocr_line' id='line_1_37' title="bbox 266 2650 1859 2716; baseline 0.003 -24"><span class='ocrx_word' id='word_1_292' title='bbox 266 2650 367 2692; x_wconf 89' lang='lat' dir='ltr'>libri</span> <span class='ocrx_word' id='word_1_293' title='bbox 415 2654 541 2706; x_wconf 86' lang='lat' dir='ltr'>parte</span> <span class='ocrx_word' id='word_1_294' title='bbox 577 2650 845 2706; x_wconf 82' lang='lat' dir='ltr'>praevaleat.</span> <span class='ocrx_word' id='word_1_295' title='bbox 911 2651 1006 2694; x_wconf 90' lang='lat' dir='ltr'>Iam</span> <span class='ocrx_word' id='word_1_296' title='bbox 1054 2652 1233 2708; x_wconf 86' lang='lat' dir='ltr'>singula</span> <span class='ocrx_word' id='word_1_297' title='bbox 1271 2651 1581 2708; x_wconf 88' lang='lat' dir='ltr'>inspiciamus,</span> <span class='ocrx_word' id='word_1_298' title='bbox 1615 2666 1706 2710; x_wconf 88' lang='lat' dir='ltr'>quo</span> <span class='ocrx_word' id='word_1_299' title='bbox 1736 2665 1859 2716; x_wconf 56' lang='lat' dir='ltr'>rem&#39;4</span> 
     </span>
    </p>
   </div>
   <div class='ocr_carea' id='block_1_21' title="bbox 267 2722 813 2778">
    <p class='ocr_par' dir='ltr' id='par_1_22' title="bbox 267 2722 813 2778">
     <span class='ocr_line' id='line_1_38' title="bbox 267 2722 813 2778; baseline 0.004 -15"><span class='ocrx_word' id='word_1_300' title='bbox 267 2722 427 2764; x_wconf 82' lang='lat' dir='ltr'>melius</span> <span class='ocrx_word' id='word_1_301' title='bbox 458 2736 783 2778; x_wconf 88' lang='lat' dir='ltr'>cognoscamus</span> <span class='ocrx_word' id='word_1_302' title='bbox 806 2738 813 2765; x_wconf 92' lang='lat'><strong>:</strong></span> 
     </span>
    </p>
   </div>
   <div class='ocr_carea' id='block_1_22' title="bbox 412 2923 1829 2973">
    <p class='ocr_par' dir='ltr' id='par_1_23' title="bbox 412 2923 1829 2973">
     <span class='ocr_line' id='line_1_39' title="bbox 412 2923 1829 2973; baseline 0.003 -14"><span class='ocrx_word' id='word_1_303' title='bbox 412 2923 435 2968; x_wconf 86' lang='lat'>¹)</span> <span class='ocrx_word' id='word_1_304' title='bbox 462 2925 555 2960; x_wconf 86' lang='lat' dir='ltr'>Nam</span> <span class='ocrx_word' id='word_1_305' title='bbox 582 2925 670 2961; x_wconf 86' lang='lat' dir='ltr'>duos</span> <span class='ocrx_word' id='word_1_306' title='bbox 696 2924 778 2960; x_wconf 84' lang='lat' dir='ltr'>illos</span> <span class='ocrx_word' id='word_1_307' title='bbox 804 2925 910 2970; x_wconf 84' lang='lat' dir='ltr'>locos,</span> <span class='ocrx_word' id='word_1_308' title='bbox 947 2935 1034 2970; x_wconf 85' lang='lat' dir='ltr'>quos</span> <span class='ocrx_word' id='word_1_309' title='bbox 1073 2925 1201 2962; x_wconf 82' lang='lat' dir='ltr'>dubios</span> <span class='ocrx_word' id='word_1_310' title='bbox 1225 2936 1302 2961; x_wconf 75' lang='lat' dir='ltr'>esse</span> <span class='ocrx_word' id='word_1_311' title='bbox 1327 2925 1498 2971; x_wconf 80' lang='lat' dir='ltr'>concessi,</span> <span class='ocrx_word' id='word_1_312' title='bbox 1522 2925 1615 2962; x_wconf 86' lang='lat' dir='ltr'>nihil</span> <span class='ocrx_word' id='word_1_313' title='bbox 1640 2925 1772 2973; x_wconf 73' lang='lat' dir='ltr'>valore,</span> <span class='ocrx_word' id='word_1_314' title='bbox 1795 2923 1829 2963; x_wconf 74' lang='lat' dir='ltr'>ai</span> 
     </span>
    </p>
   </div>
   <div class='ocr_carea' id='block_1_23' title="bbox 265 2985 1898 3030">
    <p class='ocr_par' dir='ltr' id='par_1_24' title="bbox 265 2985 1898 3030">
     <span class='ocr_line' id='line_1_40' title="bbox 265 2985 1898 3030; baseline 0.001 -10"><span class='ocrx_word' id='word_1_315' title='bbox 265 2990 518 3028; x_wconf 79' lang='lat' dir='ltr'>comparantur</span> <span class='ocrx_word' id='word_1_316' title='bbox 543 2995 622 3020; x_wconf 85' lang='lat' dir='ltr'>cum</span> <span class='ocrx_word' id='word_1_317' title='bbox 649 2995 779 3029; x_wconf 83' lang='lat' dir='ltr'>magno</span> <span class='ocrx_word' id='word_1_318' title='bbox 804 2995 951 3020; x_wconf 88' lang='lat' dir='ltr'>numero</span> <span class='ocrx_word' id='word_1_319' title='bbox 988 2985 1218 3030; x_wconf 87' lang='lat' dir='ltr'>reliquorum</span> <span class='ocrx_word' id='word_1_320' title='bbox 1245 2985 1282 3021; x_wconf 90' lang='lat' dir='ltr'>in</span> <span class='ocrx_word' id='word_1_321' title='bbox 1308 2985 1438 3030; x_wconf 79' lang='lat' dir='ltr'>quibus</span> <span class='ocrx_word' id='word_1_322' title='bbox 1473 2996 1532 3022; x_wconf 78' lang='lat' dir='ltr'>ars</span> <span class='ocrx_word' id='word_1_323' title='bbox 1556 2990 1594 3022; x_wconf 85' lang='lat' dir='ltr'>et</span> <span class='ocrx_word' id='word_1_324' title='bbox 1618 2985 1712 3022; x_wconf 77' lang='lat' dir='ltr'>tatio</span> <span class='ocrx_word' id='word_1_325' title='bbox 1735 2985 1827 3022; x_wconf 65' lang='lat' dir='ltr'>dim·</span> <span class='ocrx_word' id='word_1_326' title='bbox 1892 2995 1898 3000; x_wconf 90' lang='lat'><em>·</em></span> 
     </span>
    </p>
   </div>
   <div class='ocr_carea' id='block_1_24' title="bbox 275 3043 886 3090">
    <p class='ocr_par' dir='ltr' id='par_1_25' title="bbox 275 3043 886 3090">
     <span class='ocr_line' id='line_1_41' title="bbox 275 3043 886 3090; baseline -0.002 -10"><span class='ocrx_word' id='word_1_327' title='bbox 275 3045 382 3080; x_wconf 81' lang='lat' dir='ltr'>hetae</span> <span class='ocrx_word' id='word_1_328' title='bbox 409 3049 571 3090; x_wconf 85' lang='lat' dir='ltr'>apparet,</span> <span class='ocrx_word' id='word_1_329' title='bbox 597 3054 700 3079; x_wconf 91' lang='lat' dir='ltr'>nemo</span> <span class='ocrx_word' id='word_1_330' title='bbox 725 3043 886 3090; x_wconf 82' lang='lat' dir='ltr'>negabit.</span> 
     </span>
    </p>
   </div>
  </div>
 </body>
</html>
