1898 3418
730 167 991 211 ,7.-

226 298 332 340 Post
361 313 540 342 versum
577 298 687 341 1278
720 302 982 355 repetuntur
1010 313 1051 341 v.
1089 298 1310 342 1101-2:

283 369 428 423 ’Ὅστις
459 384 522 415 σοι
552 371 784 423 βούλευσεν
814 369 916 426 ἐμεῦ
946 376 1058 428 πέρι,
1090 378 1172 414 καί
1198 372 1457 416 dgna-evasa»

296 445 496 498 οἴχεσθαι
526 442 793 500 προλιπᾶνθ’
825 442 1035 500 ἡμετέρην
1064 443 1219 499 φιλίην.

227 524 342 566 Cum
374 524 430 567 sit
473 524 692 567 sententia
730 524 926 575 relativa,
968 538 1083 580 quae
1124 524 1298 576 dicitur,
1343 525 1631 582 perspicuum

84 599 150 638 est
180 595 400 638 distichon
431 609 511 652 per
541 609 586 638 se
618 595 792 637 nullum
825 609 1006 638 sensum
1037 595 1247 652 praebere
1277 611 1420 653 posse.
1483 597 1631 648 Quam

82 665 139 708 ob
170 681 264 709 rem
295 666 499 709 nonnulli
520 666 604 709 viri
626 665 743 709 docti
764 680 867 708 cum
890 666 1252 710 antecedentibus
1272 682 1313 711 v.
1342 668 1631 712 1097-1100

81 737 162 780 hos
208 752 363 795 versus
409 738 679 794 coniungere
725 738 872 780 conati
914 742 1040 790 sunt;
1087 738 1209 795 quod
1249 753 1352 782 cum
1383 743 1508 782 textu
1539 754 1630 783 non

80 812 251 852 mutato
282 809 376 851 fieri
397 823 489 851 non
527 813 687 864 posset,
711 809 983 852 Boissonade
1014 824 1094 866 pro
1116 807 1234 863 ὅστις
1253 810 1440 854 coniecit
1459 810 1629 865 χῶστις,

81 879 200 936 quod
233 880 442 923 Sitzlerus
473 880 521 922 in
553 880 793 923 editionem
825 895 954 923 suam
985 881 1160 937 recepit.
1195 881 1281 924 Sed
1311 881 1489 925 videtur
1518 882 1630 926 mihi

80 966 171 994 non
187 956 288 1008 apte
302 966 329 994 a
345 951 481 995 verbo
502 953 644 1017 γνώσῃ
670 952 862 1008 pendere
885 967 1014 1008 posse
1035 957 1078 995 et
1093 954 1398 997 accusativum
1419 956 1631 1014 ἡμετέρην

80 1023 374 1081 ἐπιφροσύνην
390 1028 434 1066 et
460 1024 746 1079 interrogatio
764 1023 977 1066 indirecta
999 1023 1116 1076 ὅστις
1140 1040 1205 1068 σοι
1227 1023 1458 1075 βούλευσεν
1474 1040 1510 1068 e.
1533 1041 1574 1082 q.
1594 1041 1626 1069 s.

79 1094 132 1136 In
173 1094 285 1137 libro
317 1101 360 1138 B
388 1095 586 1151 primum
624 1109 727 1137 cum
769 1095 1133 1138 antecedentibus
1178 1100 1390 1152 quattuor
1424 1097 1628 1140 versibus

78 1169 281 1208 nostrum
313 1166 534 1209 distichon
557 1166 768 1222 coniungi
790 1181 918 1222 posse
935 1167 1200 1218 existimavi,
1226 1171 1277 1210 ut
1297 1167 1431 1210 totius
1464 1168 1628 1225 elegiae

79 1251 235 1280 sensus
288 1238 360 1280 hic
401 1238 482 1282 sit:
522 1238 651 1280 Veris
694 1242 892 1294 tempore
933 1237 1044 1280 Eros
1083 1238 1283 1294 Cyprum
1333 1239 1544 1296 relinquit
1587 1244 1630 1283 et

39 1313 45 1317 “
77 1309 280 1352 homines
312 1309 416 1361 adit,
450 1310 529 1365 qui
561 1324 681 1352 nunc
713 1314 755 1352 te
777 1324 956 1366 quoque
988 1309 1188 1357 adduxit,
1221 1314 1271 1352 ut
1300 1325 1372 1353 me
1404 1310 1627 1354 desereres

77 1384 121 1423 et
142 1405 198 1412 —
220 1380 342 1436 quod
373 1381 639 1437 cogitatione
660 1381 918 1424 addendum
941 1385 1007 1423 est
1029 1406 1081 1412 —
1106 1381 1163 1424 ad
1179 1381 1316 1424 alium
1349 1386 1390 1425 te
1412 1383 1626 1426 conferas.

77 1452 192 1494 Cum
234 1456 385 1494 autem
417 1453 535 1505 ὅστις
579 1453 635 1495 sit
674 1467 922 1509 pronomen
960 1453 1329 1509 interrogativum
1361 1453 1627 1497 indirectum

76 1528 154 1566 aut
202 1524 439 1567 relativum
476 1523 774 1575 indefinitum,
819 1524 975 1567 eodem
1019 1523 1153 1567 modo
1196 1529 1331 1580 atque
1362 1525 1409 1567 in
1440 1525 1553 1568 libro
1583 1532 1630 1570 Α

74 1610 144 1638 res
176 1609 222 1638 se
252 1595 399 1647 habet,
433 1600 483 1638 ut
512 1599 637 1638 textu
668 1610 759 1638 non
787 1599 959 1638 mutato
991 1595 1213 1638 distichon
1234 1610 1338 1638 cum
1369 1596 1627 1640 anteceden-

70 1666 189 1709 tibus
211 1667 422 1723 coniungi
451 1681 542 1709 non
564 1667 713 1722 possit.
764 1666 850 1709 Sed
882 1667 1067 1709 fortasse
1099 1680 1233 1709 causa
1253 1667 1446 1710 inveniri
1467 1672 1623 1724 potest,

70 1752 150 1780 cur
158 1738 243 1781 hoc
258 1738 355 1794 ipso
372 1738 467 1780 loco
478 1742 578 1795 post
594 1753 634 1781 v.
657 1738 768 1780 1278
786 1737 1020 1789 distichon,
1040 1737 1094 1780 de
1111 1752 1200 1794 quo
1217 1738 1392 1794 agimus
1408 1739 1622 1782 insertum

71 1809 127 1852 sit
157 1809 214 1852 ab
241 1823 292 1852 eo
320 1809 398 1865 qui
419 1808 707 1865 Theognidea
729 1809 991 1864 composuit.
1044 1809 1132 1851 Diu
1154 1809 1284 1851 enim·
1306 1823 1333 1852 a
1357 1809 1462 1853 viris
1485 1810 1624 1854 doctis

69 1881 299 1937 cognitum
331 1885 397 1923 est
427 1881 464 1923 si
496 1895 587 1923 non
618 1881 666 1922 in
697 1884 787 1923 toto
827 1880 939 1923 libro
971 1880 1362 1936 Theognideorum
1394 1885 1544 1924 tamen
1574 1882 1622 1925 in

70 1951 341 2008 quibusdam
373 1951 574 2008 partibus
606 1951 805 2007 singulas
837 1951 999 2007 elegias
1033 1951 1095 1994 ita
1130 1966 1221 1994 uno
1258 1952 1387 2007 quasi
1418 1953 1492 1995 filo
1523 1967 1621 1996 con-

69 2037 207 2066 nexas
239 2037 346 2075 esse,
378 2027 428 2065 ut
458 2023 725 2066 vocabulum
759 2022 987 2078 quoddam
1018 2023 1198 2065 alterius
1230 2023 1375 2066 eidem
1405 2024 1622 2068 vocabulo

68 2095 115 2136 in
148 2095 286 2137 altera
321 2094 599 2151 respondeat,
623 2093 745 2150 quod
782 2094 953 2150 primus
978 2094 1234 2137 Welckerus
1266 2095 1373 2150 prol.
1408 2109 1507 2151 pag.
1542 2095 1620 2139 oV

69 2165 400 2209 demonstravit.
465 2166 579 2208 Cum
622 2170 771 2208 autem
815 2165 861 2207 in
906 2180 946 2207 v.
992 2166 1102 2207 1277
1147 2165 1319 2221 legatur
1353 2166 1620 2210 vocabulum

69 2238 296 2296 προλιπών
317 2241 360 2279 et
387 2237 436 2279 in
457 2252 497 2279 v.
527 2237 637 2280 1102
658 2236 778 2279 idem
799 2237 1084 2292 participium
1116 2236 1388 2295 προλιπόντα
1420 2243 1619 2281 occurrat

69 2312 112 2351 et
144 2311 369 2364 praeterea
400 2323 490 2350 uno
511 2311 687 2350 tantum
724 2308 818 2350 loco
850 2308 984 2350 totius
1015 2307 1116 2350 libri
1147 2307 1202 2364 (v.
1237 2308 1338 2366 351)
1366 2309 1621 2352 inveniatur

70 2382 352 2438 προλιποῦσα,
385 2394 478 2422 non
508 2380 641 2436 plane
670 2379 894 2422 reicienda
923 2378 1100 2422 videtur
1122 2380 1327 2435 suspicio,
1353 2394 1409 2422 ne
1441 2385 1621 2437 propter

68 2451 152 2493 hoc
184 2450 372 2493 verbum
409 2450 630 2493 distichon
661 2450 746 2493 hoc
782 2450 879 2506 ipso
918 2450 1012 2492 loco
1043 2450 1091 2491 in
1122 2450 1286 2492 librum
1319 2456 1359 2492 Β
1390 2456 1617 2508 receptum

69 2522 136 2564 sit.
200 2521 312 2564 Utut
342 2526 420 2573 est,
452 2522 537 2564 hoc
568 2522 659 2564 iam
689 2521 894 2565 videmus
934 2521 983 2563 in
1020 2524 1208 2577 utroque
1253 2521 1366 2564 libro
1399 2522 1618 2566 distichon

68 2606 308 2643 occurrere,
327 2593 448 2648 quod
464 2607 566 2635 cum
583 2593 705 2635 nullo
722 2592 808 2635 alio
825 2592 1029 2635 cohaeret
1042 2595 1086 2634 et
1098 2592 1219 2648 quod
1236 2594 1419 2636 omnino
1436 2608 1617 2637 sensum

68 2678 159 2706 non
191 2663 383 2720 praebet.
447 2664 572 2714 Quae
611 2678 680 2706 res
724 2667 987 2720 argumento
1029 2667 1094 2706 est
1131 2664 1347 2706 rationem
1390 2665 1617 2721 quandam

68 2734 338 2777 intercedere
358 2735 474 2778 inter
494 2735 628 2777 libros
652 2741 698 2779 A
717 2739 760 2777 et
780 2740 832 2781 Β,
866 2735 958 2777 sive
981 2748 1035 2777 ex
1057 2734 1212 2777 eodem
1234 2735 1356 2778 fonte
1377 2736 1614 2788 fluxerunt,

69 2805 162 2849 sive
193 2805 303 2847 illud
335 2805 555 2849 distichon
586 2820 641 2849 ex
671 2806 807 2849 altero
839 2806 885 2847 in
918 2805 1107 2848 alterum
1137 2806 1455 2862 transpositum
1488 2811 1565 2850 est.

210 2889 276 2931 De
322 2889 535 2944 proximis
567 2888 768 2932 versibus
811 2888 1006 2945 repetitis
1053 2889 1185 2944 paulo
1232 2889 1424 2945 amplius
1470 2889 1615 2946 dispu-

69 2959 259 3002 tandum
290 2959 382 3003 erit.
446 2960 676 3016 Leguntur
706 2961 753 3002 in
785 2959 896 3003 libro
918 2965 965 3004 A
986 2959 1039 3001 -in
1071 2960 1197 3002 initio
1228 2960 1362 3002 huius
1393 2960 1579 3017 elegiae:
