1898 3418
909 169 1199 214 -10-

483 305 536 362 ἢν
567 309 647 362 μὲν
677 303 762 361 γάρ
793 304 955 367 τελέσῃ,
986 301 1117 356 γλυκύ
1148 310 1329 356 γίνεται·
1362 300 1418 360 ἢν
1448 300 1498 347 δὲ
1528 297 1697 346 dadum

483 378 541 434 μή
575 378 736 441 τελέσῃ,
770 375 948 420 πάνεων
978 378 1089 419 τοῦτ’
1124 373 1424 433 ἀνιηρότατον

414 448 552 490 (uius
585 447 750 503 elegiae
782 446 906 503 prius
937 444 1160 488 distichon
1192 445 1239 487 in
1270 445 1383 488 libro
1407 449 1452 488 A
1482 458 1526 488 v.
1559 443 1700 487 301-
1707 441 1738 534 2
1765 439 1832 487 οἰδ
1895 463 1898 507 3

272 521 562 563 immutatum
594 519 776 575 legitur:

489 592 648 650 Πικρὸς
678 598 754 635 καὶ
784 588 941 645 γλυκυς
968 593 1065 634 ἴσθι
1097 597 1172 634 καὶ
1204 590 1427 648 ἁρπαλέος
1456 592 1533 632 καὶ
1565 584 1737 646 ἆπηνῆς
1803 604 1820 614 ··

484 664 654 722 λάτρισι
686 670 761 706 καὶ
793 662 958 716 δμωσὶν
989 670 1154 716 γείτοσι
1178 664 1215 705 τ’
1247 658 1516 720 ἄγχιθύροις.
1782 654 1784 674 ³
1813 670 1817 678 ’

415 735 707 791 Perspicuum
740 737 806 776 est
838 733 1054 776 rationem
1077 731 1307 789 quandam
1329 732 1446 775 inter
1465 731 1548 774 hos
1569 729 1682 773 duos
1711 726 1836 778 looo'·
1892 742 1898 777 ,¹

272 806 542 849 intercedere
575 819 656 848 nec
688 819 817 862 posse
850 805 1040 847 alterum
1081 804 1177 847 sine
1214 803 1353 847 altero
1393 803 1563 847 factum
1602 815 1710 846 esse.
1771 798 1835 845 At

273 876 552 935 quamquam
596 891 752 920 omnes
798 877 882 921 viri
929 876 1060 928 docti,
1108 889 1303 932 quorum
1350 874 1535 932 quidem
1581 873 1748 930 scripta
1775 871 1834 917 de

272 950 532 1006 Theognide
564 949 840 1006 perlegerim,
875 948 1085 1005 opinione
1107 947 1305 1004 quodam
1324 949 1626 1004 praesumpta,
1649 949 1700 988 ut
1719 942 1834 988 mihi
1895 963 1898 966 ·

274 1022 463 1072 videtur,
497 1022 682 1064 fortasse
715 1021 849 1064 etiam
882 1020 1101 1064 Welckeri
1123 1019 1385 1062 auctoritate
1417 1017 1612 1070 adducti,
1639 1016 1719 1074 qui
1739 1029 1833 1061 vor·

275 1109 350 1136 sus
389 1094 617 1136 1353—56
649 1093 765 1136 inter
795 1086 1002 1149 parodias
1034 1091 1196 1148 posuit,
1219 1105 1374 1135 versus
1405 1089 1507 1133 libri
1530 1095 1572 1134 B
1600 1087 1658 1132 ad
1689 1101 1833 1133 exem-

274 1166 400 1222 plum
433 1180 644 1209 versuum
679 1165 837 1222 prioris
869 1163 970 1207 libri
993 1163 1266 1220 conscriptos
1288 1176 1383 1206 esse
1405 1165 1600 1211 censent,
1623 1154 1836 1220 equidem

274 1242 428 1286 contra
442 1253 481 1281 v.
502 1238 612 1280 1353
625 1264 655 1268 ψ-
674 1238 731 1279 56
748 1236 969 1292 genuinos
992 1240 1035 1278 et
1055 1235 1113 1278 ad
1134 1249 1289 1278 eorum
1312 1233 1570 1291 exemplum
1592 1247 1632 1276 v.
1657 1228 1834 1295 301-2

274 1311 412 1352 factos
445 1324 539 1352 esse
573 1309 791 1359 existimo,
826 1308 934 1364 quia
964 1308 1011 1350 in
1043 1306 1155 1350 libro
1188 1313 1230 1350 B
1259 1306 1411 1350 omnia
1442 1305 1556 1348 bene
1587 1303 1836 1362 composita

274 1386 379 1424 sunt
426 1385 468 1424 et
514 1380 734 1424 adiectiva
781 1381 944 1440 πικρός,
992 1380 1159 1435 γλυκύς,
1193 1378 1427 1437 ἆρπαλέος,
1463 1374 1636 1435 ἀπηνής
1665 1374 1835 1433 optime

274 1453 327 1495 de
360 1467 510 1495 amore
542 1452 629 1495 dici
661 1456 850 1509 possunt
884 1467 910 1495 a
942 1455 1085 1508 poeta,
1134 1450 1262 1494 cuius
1308 1449 1456 1494 varios
1502 1447 1643 1492 animi
1684 1450 1836 1492 motus

275 1525 386 1568 aliae
404 1539 584 1581 quoque
602 1524 767 1581 elegiae
785 1524 924 1567 nostri
941 1523 1042 1566 libri
1059 1523 1226 1580 optime
1243 1521 1493 1579 depingunt
1519 1524 1570 1564 ut
1588 1516 1834 1573 1337—40,

279 1598 439 1639 1341
451 1597 521 1647 44
555 1596 777 1653 imprimis
808 1599 958 1638 autem
995 1595 1152 1638 1369-
1171 1595 1236 1638 72.
1307 1593 1422 1636 Cum
1460 1607 1596 1650 supra
1630 1591 1724 1636 iam
1753 1587 1834 1636 ubi
1867 1641 1870 1645 ¹

273 1669 327 1712 de
349 1685 389 1712 v.
411 1669 616 1711 949—54
639 1668 721 1724 egi,
756 1667 1155 1710 demonstraverim
1176 1665 1366 1709 verbum
1387 1666 1518 1710 τελέω
1550 1663 1606 1708 de
1636 1677 1684 1708 re
1714 1677 1832 1718 ama-

273 1741 385 1783 toria
417 1756 443 1783 a
474 1744 606 1797 poeta
637 1739 852 1791 adhiberi,
886 1739 965 1796 qui
997 1753 1154 1782 sensus
1195 1737 1342 1781 eidem
1381 1736 1518 1781 verbo
1561 1736 1609 1779 111
1640 1735 1833 1780 v.1355

273 1818 449 1856 nostrae
482 1812 646 1868 elegiae
677 1812 806 1863 inest,
839 1811 1058 1854 adiectivo
1101 1823 1282 1867 quoque
1327 1811 1485 1858 τέλειος
1529 1811 1708 1866 poetam
1757 1821 1833 1852 no-

273 1890 417 1928 strum
449 1899 539 1927 non
572 1884 700 1927 aliter
731 1883 796 1926 uti
828 1883 1117 1940 perspicuum
1148 1886 1225 1925 est.
1290 1880 1377 1924 Sed
1408 1881 1500 1924 iarn
1539 1879 1834 1936 inspiciamus

273 1957 494 2000 distichon
527 1956 686 2013 prioris
719 1955 832 2007 libri,
866 1969 956 2011 quo
989 1958 1117 2011 poeta
1149 1954 1360 2010 aliquem,
1394 1952 1522 1995 cuius
1554 1965 1718 1995 nomen
1738 1964 1832 1995 non

273 2030 414 2080 affert,
448 2027 721 2077 adhortatur,
756 2032 805 2070 ut
837 2027 892 2069 sit
924 2026 1110 2069 acerbus
1142 2030 1185 2068 et
1207 2025 1363 2075 dulcis,
1387 2028 1431 2067 et
1451 2023 1603 2068 suavis
1627 2027 1672 2077 et
1691 2021 1834 2067 durus

273 2101 487 2143 adversus
519 2099 848 2142 mercennarios
880 2103 924 2141 et
954 2112 1105 2142 servos
1136 2102 1180 2140 et
1199 2097 1383 2140 vicinos.
1431 2095 1527 2139 Etsi
1557 2094 1712 2152 negari
1739 2104 1862 2140 non*

273 2176 418 2229 potest
449 2171 667 2214 nonnulla
698 2174 933 2227 praecepta
963 2170 1108 2213 inesse
1139 2169 1186 2211 in
1218 2168 1330 2211 libro
1362 2173 1418 2218 A,
1452 2181 1568 2224 quae
1598 2165 1730 2211 nobis
1756 2165 1833 2212 ho·

273 2249 400 2287 nesta
447 2243 587 2287 videri
635 2257 726 2285 11011
774 2246 974 2298 possunt,
1020 2246 1171 2284 tamen
1217 2240 1369 2283 omnia
1414 2238 1471 2282 ad
1509 2235 1834 2286 instituendam

274 2316 412 2359 vitam
463 2330 553 2358 non
598 2314 774 2357 inutilia
819 2318 937 2365 sunt,
970 2328 1053 2356 nec
1099 2313 1242 2355 ullum
1288 2311 1528 2362 invenitur,
1576 2308 1696 2367 quod
1738 2312 1832 2356 tum

274 2388 462 2430 stultum
495 2391 537 2430 et
568 2385 832 2443 imprudens
864 2385 920 2428 sit
941 2400 1079 2442 quam
1102 2384 1187 2427 hoc
1209 2383 1263 2427 de
1285 2397 1375 2439 quo
1396 2382 1574 2439 agimus
1594 2379 1831 2425 distichon.

274 2459 430 2515 Itaque
463 2473 563 2501 011111
597 2458 681 2500 1100
714 2458 770 2500 sit
791 2457 1022 2513 proprium
1054 2455 1289 2498 imitatoris
1310 2454 1381 2498 vel
1403 2452 1673 2510 plagiatoris,
1694 2463 1833 2510 quem

274 2531 478 2580 dicimus
513 2535 562 2572 ut
593 2544 708 2586 quae
741 2528 922 2572 aliunde
954 2526 1296 2584 deprompserit,
1344 2540 1435 2568 non
1480 2525 1587 2568 satis
1632 2527 1736 2582 apte
1781 2522 1832 2568 in

274 2617 404 2646 suum
442 2616 573 2644 usum
605 2604 846 2651 convertat,
879 2599 1100 2643 distichon
1141 2598 1189 2641 in
1231 2597 1341 2640 libro
1375 2602 1415 2639 B
1459 2596 1703 2653 genuinam
1748 2595 1832 2639 ἰοῦ

274 2689 394 2717 mam
428 2687 626 2717 servasse
659 2677 702 2715 et
732 2671 788 2714 ad
835 2671 930 2714 eius
976 2670 1231 2727 exemplum
1265 2683 1420 2712 versus
1470 2667 1571 2711 libri
1601 2673 1648 2713 A
1690 2666 1832 2711 {acme

274 2761 368 2789 esse
400 2744 634 2802 apparet.¹)

419 2935 443 2978 ¹)
468 2935 622 2971 Accedit
647 2935 712 2970 hoc
749 2944 889 2979 quoque
923 2933 1016 2978 quod
1043 2942 1167 2968 versus
1205 2934 1401 2975 1355—56,
1428 2929 1558 2974 quibus
1582 2938 1616 2965 v.
1645 2930 1735 2965 1868
1746 2929 1831 2964 -Μ

274 2995 511 3041 explicantur,
537 2995 567 3030 si
593 2995 637 3030 ab
665 2993 710 3030 iis
735 2993 891 3038 separati
917 2994 1098 3040 leguntur,
1125 3002 1266 3028 sensum
1291 3001 1361 3027 non
1387 2990 1573 3036 praebent.
