1898 3418
711 200 1002 245 -35-

77 330 215 374 totius
246 330 348 374 libri
378 334 503 388 parte
534 335 678 388 poeta,
702 331 962 389 quicunque
994 332 1093 385 fuit,
1126 335 1220 376 tam
1250 346 1382 389 saepe
1405 331 1460 375 de'
1481 331 1636 388 volup-

79 401 246 445 tatibus
278 406 322 445 et
352 402 732 456 delectationibus,
764 407 858 446 tam
896 418 1027 460 saepe
1068 403 1123 447 de
1162 404 1409 447 iuventutis
1450 404 1556 447 flore
1594 407 1638 446 et

79 473 375 518 convivorum
405 473 581 531 gaudiis
602 488 695 517 non
717 475 812 517 sine
834 475 1012 524 levitate
1035 474 1231 532 quadam
1253 479 1296 518 et
1317 475 1501 519 lascivia
1520 478 1636 531 agat.

79 543 172 587 Nec
210 545 662 601 praetermittendum
704 545 817 588 mihi
849 546 1028 590 videtur
1065 561 1173 599 esse,
1213 546 1335 603 quod
1372 546 1462 589 iam
1501 560 1639 602 supra

78 629 181 673 pag.
204 617 262 659 32
293 616 462 668 monui,
487 616 733 660 admodum
756 618 920 661 multos
952 632 1007 661 ex
1037 618 1108 661 his
1131 617 1333 662 versibus
1365 617 1420 660 de
1441 617 1639 660 amicitia

79 687 267 744 scriptos
298 702 406 740 esse,
425 702 481 731 ex
512 688 677 745 quibus
699 689 925 745 imprimis
946 704 986 733 v.
1016 689 1247 733 1091-94
1268 693 1312 732 et
1347 689 1637 732 1097—1100

79 758 353 820 carminibus
361 758 462 802 libri
471 765 513 803 B
519 759 768 803 simillimos
779 774 873 803 esse
882 760 1197 813 demonstravi,
1206 760 1371 817 quibus
1379 759 1518 803 addas
1526 759 1638 803 duas

79 829 190 873 alias
221 830 384 887 elegias
405 845 446 875 v.
467 831 670 874 993—96
703 835 746 874 et
781 833 1011 875 1063—68
1034 832 1325 884 continentes,
1358 845 1551 888 quarum
1583 845 1638 874 ex

80 906 270 958 utraque
291 903 574 959 cognoscitur
590 917 789 946 amorem
807 903 1022 959 puerilem
1045 903 1230 946 minime
1252 903 1449 946 alienum
1471 916 1566 945 esse
1581 901 1638 945 ab

81 987 133 1016 eo
153 977 298 1030 poeta,
314 973 392 1030 qui
410 974 520 1017 haec
542 975 742 1017 carmina
763 975 1036 1031 conscripsit.
1085 974 1238 1017 Addas
1259 978 1499 1031 praeterea,
1517 973 1639 1030 quod

80 1044 224 1088 inhac
240 1044 398 1088 eadem
414 1045 515 1088 libri
532 1052 578 1090 A
592 1050 717 1102 parte
734 1060 826 1088 non
837 1046 988 1089 minus
1003 1060 1142 1102 quam
1159 1050 1351 1102 quatuor
1367 1060 1422 1088 ex
1437 1045 1639 1102 quinque

82 1115 299 1167 distichis,
332 1131 449 1173 quae
480 1117 528 1159 in
560 1117 672 1160 libro
706 1123 748 1160 B
777 1131 958 1174 quoque
999 1117 1222 1173 leguntur,
1268 1120 1508 1160 occurrunt
1547 1130 1638 1158 uno

81 1191 266 1244 excepto
300 1187 489 1231 disticho
522 1187 774 1245 597—981).
826 1189 952 1239 Quae
988 1189 1140 1231 omnia
1171 1202 1275 1231 cum
1306 1188 1560 1244 cogitarem,
1592 1188 1639 1230 in

22 1275 30 1280 ·
80 1263 277 1302 mentem
309 1259 422 1302 mihi
443 1260 567 1303 venit
595 1274 710 1303 nova
734 1274 789 1302 ex
810 1260 908 1316 ipsa
938 1259 1073 1302 huius
1095 1260 1233 1316 partis
1265 1259 1364 1302 libri
1386 1259 1639 1302 conditione

81 1330 220 1386 petita
250 1331 361 1373 ratio
394 1331 633 1374 solvendae
666 1330 953 1383 difficultatis,
977 1345 1115 1388 quam
1137 1345 1292 1375 versus
1323 1330 1497 1387 repetiti
1518 1344 1639 1387 prae-

82 1400 201 1445 bent.
250 1402 351 1445 Mea
372 1402 556 1458 quidem
578 1402 797 1445 sententia
825 1402 931 1444 olim
954 1402 1119 1458 passim
1141 1402 1189 1444 in
1206 1401 1318 1445 libro
1339 1408 1395 1452 A,
1419 1401 1640 1458 imprimis

81 1477 233 1516 autem
262 1473 311 1516 in
348 1473 432 1516 hac
463 1478 616 1516 nostra
647 1478 785 1530 parte,
820 1473 971 1529 scripti
993 1478 1119 1516 erant
1139 1488 1293 1517 versus
1316 1473 1518 1516 amatorii
1540 1472 1640 1515 libri

82 1550 135 1597 B,
183 1553 337 1601 postea
382 1545 438 1588 ab
481 1544 664 1588 homine
716 1559 809 1587 non
856 1545 991 1588 nimis
1033 1545 1161 1588 docto
1211 1545 1401 1601 separati
1457 1548 1562 1587 sunt
1614 1559 1642 1587 a

81 1616 237 1659 ceteris
268 1620 312 1659 et
341 1616 389 1659 in
421 1631 577 1660 eorum
608 1616 757 1659 locum
797 1631 852 1659 ex
889 1616 998 1673 ipsis
1031 1616 1330 1673 Theognideis
1376 1616 1438 1658 eis
1469 1630 1638 1668 versus,

81 1688 161 1744 qui
179 1701 314 1740 nunc,
337 1692 415 1731 aut
436 1703 528 1731 non
544 1688 705 1730 mutati
726 1691 804 1730 aut
822 1688 923 1744 plus
956 1688 1164 1731 minusve
1196 1687 1355 1730 mutati
1378 1691 1639 1744 repetuntur

82 1758 310 1802 substituti
342 1764 460 1802 sunt.
596 1751 602 1757 ’

224 1831 351 1881 Quae
381 1845 483 1874 mea
515 1830 735 1874 sententia
781 1830 862 1873 etsi
902 1831 1088 1873 fortasse
1123 1830 1267 1887 primo
1305 1830 1463 1874 obtutu
1506 1830 1637 1873 alicui

81 1902 196 1944 mira
226 1906 270 1945 et
299 1916 418 1946 nova
450 1902 685 1954 videbitur,
732 1906 883 1944 tamen
924 1915 1057 1944 nemo
1104 1901 1286 1958 negabit
1324 1902 1519 1945 multum
1555 1916 1637 1945 nos

81 1977 263 2030 accepta
293 1973 377 2016 hac
398 1974 609 2030 opinione
630 1973 842 2031 proficere
861 1973 909 2015 in
931 1972 1240 2029 cognoscenda
1260 1977 1421 2016 natura
1442 1972 1636 2016 duorum

81 2036 318 2097 librorum:
328 2046 407 2102 qui
423 2045 696 2101 Theognidis
718 2059 884 2087 nomen
906 2045 1068 2087 ierunt.
1116 2044 1319 2087 Primum
1341 2045 1460 2087 enim
1482 2059 1637 2088 omnes

82 2116 410 2169 similitudines,
429 2131 541 2173 quas
562 2116 678 2159 inter
698 2116 780 2159 hos
797 2115 933 2158 libros
949 2115 1220 2158 intercedere
1236 2130 1335 2172 pag.
1360 2117 1411 2158 17
1422 2131 1442 2159 s
1459 2116 1637 2159 demon-

82 2187 232 2240 stravi,
255 2188 396 2231 multo
417 2188 592 2231 facilius
613 2187 824 2244 explicari
846 2191 1047 2243 possunt,
1071 2187 1108 2229 si
1130 2187 1236 2229 olim
1258 2187 1422 2243 elegiae
1445 2187 1636 2230 duorum

83 2258 301 2302 librorum
343 2273 436 2302 non
477 2259 702 2302 seiunctae
748 2262 887 2310 erant,
930 2258 1007 2301 sed
1050 2258 1167 2301 inter
1207 2273 1254 2301 se
1291 2258 1456 2301 mixtae
1498 2273 1636 2301 unam

82 2330 387 2373 collectionem
419 2330 682 2374 efficiebant.
745 2330 811 2373 Ne
852 2330 928 2372 illa
968 2329 1151 2386 quidem
1190 2329 1391 2386 quinque
1431 2329 1633 2382 disticha,

83 2415 198 2458 quae
230 2415 352 2445 nunc
383 2406 427 2445 et
455 2402 503 2444 in
534 2402 647 2445 libro
670 2408 717 2446 A
738 2406 781 2444 et
810 2402 858 2443 in
889 2401 1001 2443 libro
1033 2407 1075 2444 B
1103 2400 1324 2457 leguntur,
1357 2401 1495 2444 ullam
1527 2401 1635 2444 diffi-

83 2473 295 2516 cultatem
325 2472 560 2529 praebent;
594 2473 723 2516 facile
755 2473 876 2516 enim
907 2472 1002 2515 fieri
1033 2472 1190 2528 potuit,
1232 2476 1283 2514 ut
1313 2472 1535 2516 diorthota
1564 2473 1637 2515 ille

84 2557 189 2587 cum
224 2544 422 2601 primum
443 2544 733 2602 Theognidea
763 2544 1061 2600 perlustraret,
1094 2557 1184 2599 quo
1215 2557 1369 2587 versus
1399 2544 1638 2587 amatorios

83 2629 110 2658 a
140 2615 297 2659 ceteris
328 2619 565 2672 separaret,
598 2616 679 2659 hos
702 2630 857 2659 versus
878 2615 935 2658 ad
957 2614 1173 2672 puerilem
1195 2628 1392 2658 amorem
1414 2616 1634 2672 pertinere

227 2829 253 2874 ¹)
275 2828 496 2866 Monendum
521 2829 610 2866 mihi
635 2829 781 2866 videtur
817 2839 894 2865 esse
930 2839 1001 2865 non
1037 2828 1151 2865 solum
1188 2827 1341 2864 disticho
1378 2827 1435 2864 his
1471 2828 1634 2865 versibus

82 2889 329 2935 antecedente,
356 2890 448 2934 quod
461 2890 662 2926 arctissime
676 2901 755 2926 cum
774 2894 895 2925 nostro
914 2889 1201 2933 coniungendum
1229 2898 1306 2924 esse
1330 2899 1438 2933 supra
1462 2900 1544 2933 pag.
1557 2893 1635 2927 fise.

82 2948 242 2995 exposui,
278 2954 420 2994 poetam
455 2959 605 2994 puerum
643 2954 802 2985 amatum
835 2948 970 2993 alloqui
1007 2948 1068 2985 sed
1106 2948 1214 2983 etiam
1248 2952 1455 2991 sequentem
1481 2948 1633 2993 elegiam

81 3008 302 3044 simillimam
326 3019 422 3044 essse
444 3009 571 3055 elegiis
595 3008 678 3044 libri
703 3009 748 3044 B.
1308 3053 1350 3091 3·
