1898 3418
722 179 986 222 -3-

78 311 327 359 accuratius
363 311 619 355 examinare
650 309 759 360 vult,
793 308 999 365 exempla
1037 306 1261 364 permulta
1298 305 1421 363 apud
1451 305 1635 348 Corsen-

79 383 211 426 nium
243 382 455 426 inveniet.
519 381 579 424 At
608 381 678 424 vir
707 380 781 423 ille
823 379 980 422 doctus
1024 393 1115 421 non
1157 378 1263 421 satis
1293 377 1340 420 id
1372 377 1483 419 mihi
1516 390 1635 433 spec-

79 459 195 498 tasse
226 453 415 505 videtur,
459 451 580 510 quod
611 455 767 509 poetae
811 450 993 507 elegiaci
1035 463 1247 506 persaepe
1295 453 1446 504 poetas
1489 448 1636 504 epicos

79 525 300 583 imprimis
331 525 581 568 Homerum
621 522 783 565 imitati
826 527 943 565 sunt.
1007 522 1109 572 Qua
1139 520 1194 563 de
1236 534 1371 563 causa
1401 520 1438 562 si
1481 519 1635 562 eadem

80 596 218 640 verba
248 601 292 639 et
321 596 502 652 figurae,
550 608 665 651 quae
706 594 754 635 in
796 593 941 649 priore
985 592 1096 635 libro
1140 592 1362 648 leguntur,
1405 593 1638 633 recurrunt

81 668 129 711 in
160 667 414 725 posteriore,
457 664 662 709 concludi
700 679 792 707 non
832 668 977 721 potest
1023 667 1202 720 poetam
1246 666 1451 705 nostrum
1493 675 1543 704 ea
1582 675 1637 703 ex

81 739 227 796 priore
258 738 370 781 libro
402 737 659 794 sumpsisse,
693 736 770 778 sed
803 734 1118 792 comprobatur
1149 748 1201 777 ea
1231 748 1277 777 re
1323 738 1401 776 aut
1436 732 1636 775 eiusdem

82 814 241 868 poetae
287 823 381 852 esse
423 812 665 864 utrumque
706 807 872 850 librum
903 811 981 849 aut
1011 805 1240 849 communi
1271 805 1373 848 usui
1404 808 1637 861 poetarum

83 882 379 938 elegiacorum
424 880 534 923 haec
575 879 724 931 verba,
773 878 1000 930 formulas,
1048 878 1213 934 figuras
1261 875 1497 923 tribuenda
1529 889 1636 918 esse.

83 953 235 996 Liceat
258 966 402 1009 pauca
417 951 622 1007 exempla
642 965 696 993 ex
718 950 815 1006 ipso
839 949 966 992 initio
984 948 1135 992 libriB
1152 949 1322 991 afferre.
1345 962 1387 991 v.
1410 946 1640 990 1237—38

83 1024 246 1081 legitur

228 1095 278 1141 οὗ
324 1114 390 1139 τοι
421 1093 593 1151 ἀνάγκη
633 1093 759 1139 τοῦθ’
797 1094 937 1150 ἕρδειν
976 1106 1018 1135 V.
1060 1091 1289 1134 1095--96
1321 1090 1438 1143 οὔτις
1469 1085 1639 1148 α’νᾶγκη

84 1182 212 1225 τοῦθ’
245 1180 397 1238 ἕρδειν.
461 1177 613 1220 Simile
644 1176 824 1220 initium
855 1174 1120 1231 pentametri
1152 1174 1313 1230 legitur
1342 1188 1383 1217 v.
1417 1174 1504 1216 690
1548 1174 1639 1218 οὐδ’

86 1252 235 1309 ἕρδειν,
268 1249 426 1292 Similis
458 1248 704 1291 hexametri
736 1247 838 1289 finis
869 1261 911 1290 V.
949 1246 1031 1289 195
1063 1246 1247 1305 κρατερή
1278 1263 1358 1302 μιν
1390 1240 1574 1302 α’νάγκη,
1598 1259 1639 1287 V.

87 1322 171 1364 387
215 1326 421 1381 κρατερῆς
463 1320 538 1365 ὑπ’
583 1320 789 1376 ἀνάγκης,
822 1333 863 1362 V.
897 1318 983 1360 419
1028 1319 1122 1361 ἀλλ’
1166 1318 1241 1362 ὑπ’
1289 1317 1490 1373 ἀνάγκης.
1556 1315 1641 1357 Sed

88 1393 288 1435 Corsenn
318 1392 413 1448 ipse
445 1391 501 1433 ad
532 1391 614 1433 hos
645 1391 763 1432 locos
795 1393 982 1432 annotat
1011 1387 1132 1444 apud
1164 1387 1415 1429 Homerum
1456 1386 1644 1430 vocabu-

87 1464 183 1506 lum
214 1462 384 1521 ἀνάγκη
408 1463 426 1504 f
457 1476 707 1518 eresemper
737 1462 784 1503 in
815 1461 903 1503 fine
939 1459 1185 1502 hexametri
1224 1459 1311 1514 legi
1331 1462 1382 1500 ut
1403 1458 1452 1500 Il.
1476 1464 1524 1501 Z.
1543 1458 1643 1508 458,

92 1541 156 1582 M.
198 1535 291 1577 178.
355 1534 447 1577 Nec
479 1534 722 1589 quisquam
753 1532 860 1588 quia
890 1532 937 1574 in
974 1531 1119 1587 priore
1151 1530 1262 1573 libro
1294 1533 1452 1586 quater
1481 1529 1526 1571 in
1559 1529 1647 1571 fine

92 1606 339 1650 hexametri
370 1619 458 1649 vox
490 1606 660 1662 ἀνάγκη
683 1604 856 1659 legitur,
889 1602 1123 1645 concludet
1154 1601 1350 1645 diversos
1382 1604 1534 1657 poetas
1565 1600 1646 1642 hos

93 1692 248 1722 versus
269 1676 585 1733 composuisse,
609 1690 801 1732 quorum
824 1674 935 1717 alter
958 1673 1149 1716 alterum
1164 1672 1365 1715 imitatus
1398 1672 1473 1724 sit;
1507 1672 1647 1713 immo

94 1749 237 1791 eidem
249 1752 405 1805 poetae
422 1762 496 1790 eos
509 1746 768 1790 tribuendos
777 1760 871 1788 esse
885 1744 1159 1788 censendum
1177 1748 1254 1794 est,
1268 1748 1346 1786 aut
1361 1743 1407 1785 in
1419 1742 1646 1785 communi

95 1834 179 1862 usu
212 1819 415 1862 omnium
436 1819 571 1861 huius
587 1817 762 1874 generis
794 1821 1027 1873 poetarum
1049 1815 1198 1866 fuisse,
1218 1819 1269 1857 ut
1302 1828 1458 1857 vocem
1481 1813 1648 1870 ἀνάγκη

94 1892 142 1933 111
173 1891 262 1933 fine
302 1890 550 1933 hexametri
582 1889 858 1932 collocarent.
922 1887 1100 1930 Falsam
1143 1900 1238 1929 esse
1269 1886 1385 1928 hanc
1417 1885 1646 1928 Corsennii

96 1963 312 2005 rationem
343 1962 427 2004 hoc
459 1974 639 2017 quoque
671 1959 875 2016 exemplo
906 1958 1033 2001 facile
1065 1957 1272 2014 cognosci
1303 1961 1468 2013 potest:
1502 1956 1559 1998 ad
1603 1971 1646 1999 v.

100 2034 210 2076 1241
243 2033 315 2076 ille
347 2036 552 2075 annotat:
604 2046 733 2074 casus
778 2030 986 2086 obliquus
1028 2029 1149 2073 vocis
1192 2030 1366 2086 φιλότης
1408 2028 1453 2070 111
1486 2028 1574 2070 fine
1606 2042 1645 2071 v.

101 2106 225 2153 1091,
289 2104 491 2148 Occurrit
514 2107 662 2146 autem
686 2102 870 2145 omnino
891 2102 938 2143 in
960 2099 1259 2156 Theognideis
1291 2113 1420 2142 casus
1441 2099 1649 2155 obliquus

98 2175 302 2220 vocabuli
334 2174 511 2233 φιλότης
539 2174 696 2226 decies,
721 2173 960 2230 quinquies
992 2172 1040 2214 in
1061 2180 1117 2223 A,
1151 2171 1390 2227 quinquies
1421 2171 1467 2212 in
1502 2176 1552 2215 Β.
1597 2170 1650 2212 111

99 2254 154 2292 A.
188 2261 278 2289 uno
310 2247 405 2290 loco
436 2262 477 2290 v.
515 2247 624 2289 1091
658 2260 686 2288 a
717 2244 960 2287 Corsennio
992 2243 1125 2286 allato
1156 2243 1203 2284 in
1235 2243 1322 2284 fine
1362 2255 1517 2285 versus
1548 2241 1649 2297 legi-

99 2323 184 2370 tur,
218 2318 399 2374 reliquis
420 2317 622 2360 medium
642 2331 797 2360 versus
820 2316 967 2358 locum
1000 2314 1191 2366 obtinet;
1225 2314 1268 2355 in
1302 2313 1414 2355 libro
1437 2318 1478 2354 B
1508 2313 1649 2355 tribus

99 2390 206 2433 locis
238 2404 279 2433 v.
326 2390 450 2441 1241,
489 2389 614 2439 1313,
667 2389 778 2430 1359
810 2387 857 2429 in
898 2387 986 2428 fine
1032 2385 1204 2442 legitur,
1238 2384 1419 2440 reliquis
1450 2383 1647 2426 medium

100 2462 247 2504 locum
279 2460 458 2503 obtinet.
523 2461 648 2510 Quae
680 2473 781 2502 cum
818 2459 880 2500 ita
911 2458 1012 2509 sint,
1046 2471 1177 2499 nemo
1209 2460 1324 2498 certe
1355 2455 1648 2498 Corsennium

101 2536 323 2589 sequetur,
347 2532 425 2588 qui
444 2530 671 2574 contendit
694 2534 782 2572 tres
813 2529 910 2571 illos
941 2528 1040 2571 libri
1064 2527 1247 2570 secundi
1269 2527 1387 2569 locos
1419 2526 1476 2569 ad
1508 2541 1650 2569 exem—

101 2604 228 2660 plum
258 2603 394 2645 unius
424 2602 509 2646 loci
539 2602 698 2658 prioris
730 2601 830 2643 libri
862 2601 1001 2642 factos
1033 2613 1140 2651 esse,
1173 2598 1283 2640 dum
1315 2602 1527 2653 quattuor
1567 2597 1650 2639 loci

101 2676 148 2717 in
180 2674 292 2717 libro
323 2680 369 2718 A
398 2678 515 2725 sunt,
548 2672 712 2729 quibus
744 2686 872 2714 casus
904 2670 1112 2726 obliquus
1143 2670 1265 2713 vocis
1285 2667 1464 2726 φιλότης
1495 2669 1542 2710 in
1565 2682 1650 2710 me-

103 2746 176 2789 dio
207 2759 340 2790 versu
370 2744 541 2800 legitur.
604 2744 697 2786 Nec
727 2743 853 2785 aliter
884 2742 937 2784 de
970 2741 1173 2797 plurimis
1214 2740 1321 2783 locis
1360 2739 1650 2781 iudicandum

105 2821 182 2869 est,
216 2830 329 2873 quos
361 2816 559 2858 Corsenn
589 2816 733 2866 affect,
781 2828 871 2870 quo
913 2827 1042 2856 suam
1073 2812 1127 2855 de
1171 2811 1283 2854 libro
1316 2816 1357 2853 B
1386 2810 1651 2853 sententiam

105 2887 374 2944 comprobet.

247 2971 362 3013 Sunt
391 2973 617 3026 praeterea
647 2968 856 3025 permulti
887 2967 984 3019 loci,
1017 2966 1180 3023 quibus
1213 2966 1410 3042 Corsepn
1454 2953 1653 3007 similitu?

1327 3028 1343 3060 1
