1898 3418
699 186 993 231 „21-

0 340 3 352 =·
63 329 258 372 cumque
299 316 419 359 enim
451 317 714 360 incisionem
746 318 948 370 facimus,
981 322 1149 362 restant
1178 319 1226 362 in
1249 323 1438 377 utraque
1470 320 1619 364 collec-

63 387 183 430 tione
214 387 436 444 quaedam
458 388 659 440 disticha,
693 404 807 445 quae
839 390 886 432 in
918 390 1073 433 eodem
1100 390 1267 447 sylloge
1298 390 1366 434 bis
1396 391 1617 448 leguntur.

63 458 165 501 Non
206 458 343 515 igitur
373 459 457 502 viri
500 459 629 511 docti,
673 461 750 516 qui
794 461 878 504 hoc
918 461 1051 504 modo
1081 476 1294 505 versuum
1336 463 1619 519 repetitiones

62 529 282 586 explicare
315 530 507 582 student,
542 531 664 586 quod
706 532 864 575 volunt
895 537 1207 589 assequuntur,
1250 533 1336 576 nisi
1375 535 1487 577 forte
1526 549 1618 577 non

6 640 10 642 .
63 614 118 643 ex
158 600 333 644 duobus
381 601 458 644 sed
502 616 556 644 ex
598 602 902 658 compluribus
943 604 1167 659 florilegiis
1207 608 1412 647 nostrum
1452 605 1616 648 librum

61 672 280 715 coaluisse
313 676 526 715 statuunt.
577 673 623 715 Si
647 674 765 716 enim
785 689 940 718 omnes
962 675 1009 717 in
1032 675 1188 718 eadem
1219 676 1476 719 collectione
1498 691 1617 733 repe-

62 743 241 786 titiones
272 758 499 787 removere
531 745 754 794 volumus,
787 746 942 789 incisio
973 746 1178 789 facienda
1216 752 1281 790 est
1310 747 1427 790 inter
1457 763 1499 791 v.
1532 748 1619 791 210

60 818 104 857 et
133 829 174 858 v.
209 815 344 872 332¹),
387 815 583 858 secunda
608 817 724 859 inter
766 817 852 860 854
884 822 927 860 et
962 819 1086 869 1038,
1120 818 1250 861 tertia
1279 819 1395 861 inter
1430 820 1541 862 1096
1575 824 1618 863 et

63 885 225 940 11602).
265 886 460 938 Accedit,
484 887 606 943 quod
628 902 771 930 unum
788 888 1009 932 distichon
1033 893 1098 932 ter
1118 889 1166 931 in
1187 889 1299 932 libro
1316 896 1362 934 A
1377 891 1579 933 occurrit.
1586 890 1616 945 ³)

60 957 187 1008 Quae
209 972 300 1000 uno
332 972 401 1001 res
422 972 504 1001 nos
526 963 713 1015 cogeret,
745 964 795 1002 ut
816 974 869 1002 ex
892 960 1034 1002 tribus
1056 960 1389 1034 collectionibus
1412 966 1616 1004 nostrum

58 1027 223 1071 librum
255 1029 552 1086 compositum
585 1044 680 1073 esse
712 1035 971 1075 statuamus.

820 1116 855 1147 c.

205 1172 429 1222 Quoniam
464 1173 526 1215 sic
558 1187 640 1216 nec
672 1174 911 1216 Nietzschii
944 1175 1164 1217 sententia
1196 1189 1277 1218 nec
1309 1175 1405 1227 hac,
1440 1176 1494 1219 de
1526 1191 1617 1233 qua

41 1243 205 1301 *adhuc
237 1243 423 1300 egimus,
457 1244 753 1300 plurimorum
786 1245 985 1288 virorum
1017 1245 1250 1288 doctorum
1295 1248 1463 1289 ratione
1505 1248 1615 1290 diffi-

57 1314 280 1366 cultatem,
305 1330 442 1371 quam
467 1315 681 1372 praebent
703 1331 858 1359 versus
881 1317 1068 1373 repetiti,
1101 1317 1283 1361 dissolvi
1315 1333 1444 1374 posse
1475 1323 1616 1362 osten-

57 1385 219 1438 dimus,
237 1387 327 1428 iam
344 1387 534 1437 tertiam,
553 1402 668 1443 quae
686 1388 857 1444 reliqua
873 1393 951 1439 est,
970 1389 1236 1431 sententiam
1254 1389 1308 1432 de
1325 1389 1395 1432 his
1411 1385 1614 1434 versibus

57 1457 380 1511 examinemus,
404 1462 542 1514 quam
558 1459 742 1515 protulit
757 1459 815 1502 H.
833 1459 1002 1502 Jordan
1022 1460 1070 1501 in
1092 1460 1427 1516 quaestionibus
1447 1461 1615 1519 Theog-

56 1528 201 1572 nideis
219 1530 475 1585 praemissis
498 1530 635 1572 indici
656 1530 898 1573 lectionum
921 1531 1234 1574 Universitatis
1258 1532 1613 1588 Regimontanae

59 1600 263 1650 1885s86.
327 1601 416 1651 Qui
448 1602 517 1644 vir
558 1601 713 1644 doctus
751 1601 957 1644 codicum
1001 1602 1223 1654 lectiones,
1266 1617 1381 1660 quae
1419 1609 1525 1647 sunt
1562 1605 1610 1648 in

51 1671 1610 1732 versibusrepetitisaccuratissimeperlustransinveniteassaepissime

51 1742 168 1785 inter
199 1758 244 1786 se
276 1743 454 1786 differre
477 1748 520 1786 et
539 1744 681 1786 multo
716 1744 885 1801 peiores
906 1759 1000 1787 esse
1022 1745 1287 1802 plerumque
1309 1746 1363 1788 iis
1393 1746 1513 1797 locis,
1532 1747 1609 1790 ubi

49 1829 205 1858 versus
236 1814 398 1858 iterum
420 1815 638 1871 legantur.
689 1816 789 1866 Qua
810 1830 864 1858 ex
888 1830 933 1858 re
966 1816 1191 1858 concludit
1211 1817 1280 1859 vir
1302 1817 1458 1860 doctus
1479 1819 1608 1862 inter-

49 1886 237 1942 polatori
268 1886 349 1929 has
370 1886 580 1929 lectiones
613 1887 777 1939 deberi,
812 1887 865 1930 de
889 1902 978 1943 quo
1010 1902 1110 1944 pag.
1140 1888 1191 1930 15
1214 1888 1238 1930 l.
1264 1902 1299 1931 c.
1323 1888 1433 1932 haec
1454 1889 1606 1933 habet:

55 1961 308 2014 «praeterea
353 1957 588 2001 docuimus
637 1962 864 2001 auctorem
910 1959 1072 2001 harum
1114 1959 1401 2002 iterationum
1451 1966 1607 2017 suopte

49 2028 232 2072 consilio
285 2044 426 2086 eoque
471 2030 664 2086 pessimo
697 2030 906 2072 traditam
953 2030 1297 2087 archetyporum
1341 2032 1607 2088 scripturam

48 2100 323 2152 immutasse,
356 2101 518 2157 partim
542 2102 634 2144 solo
655 2101 841 2144 ductum
864 2101 1068 2144 variandi
1089 2102 1277 2157 pruritu,
1300 2103 1464 2159 partim
1486 2104 1607 2160 quod

7 2208 10 2210 .
48 2172 364 2228 proprietatem
397 2172 716 2215 vocabulorum
749 2173 1174 2229 sententiarumque,
1214 2173 1360 2216 hebeti
1391 2174 1464 2217 ille
1486 2190 1606 2231 prae-

48 2242 168 2286 ditus
209 2257 356 2295 sensu,
399 2244 706 2300 sermonisque
750 2244 1014 2300 antiquioris
1068 2258 1230 2300 parum
1266 2259 1447 2300 gnarus,
1489 2246 1606 2289 iusto

46 2314 198 2357 minus
228 2314 456 2357 intellexit.
520 2315 629 2357 Eius
661 2315 857 2358 hominis
899 2329 1080 2371 operam
1122 2330 1359 2358 commune
1402 2318 1605 2360 omnium

47 2385 251 2428 codicum
283 2386 569 2443 archetypon,
603 2386 725 2443 quod
756 2387 931 2429 saeculo
972 2386 1143 2429 decimo
1181 2387 1411 2443 antiquius
1454 2389 1600 2441 fuerit,

46 2457 267 2512 integram
307 2457 556 2500 exhibuerit
588 2445 773 2514 oportet,
817 2458 1165 2513 repraesentavit
1205 2462 1355 2500 autem
1385 2458 1605 2515 integram

45 2528 83 2571 is
100 2542 235 2584 quem
243 2528 387 2570 solum
404 2528 600 2571 vidimus
611 2543 714 2572 cum
732 2529 819 2571 fide
833 2528 1063 2584 archetypi
1078 2529 1322 2584 imaginem
1333 2530 1602 2586 expressisse

49 2599 236 2656 scriptor
267 2598 366 2641 libri
399 2600 596 2656 parisini,
629 2601 764 2657 paulo
795 2600 1081 2642 imminutam
1111 2600 1344 2643 vaticani«

187 2764 213 2809 ¹)
237 2765 296 2801 vel
320 2765 441 2810 potius
458 2766 554 2801 inter
578 2777 612 2802 v.
631 2769 699 2801 212
726 2771 763 2801 et
782 2768 863 2811 332,
888 2776 971 2800 nam
998 2776 1079 2800 cum
1105 2777 1138 2803 v.
1165 2769 1329 2801 211-12
1347 2765 1443 2802 idem
1462 2766 1536 2802 sint
1561 2778 1604 2803 ac

44 2835 78 2861 v.
105 2827 280 2870 509—10,
305 2824 375 2860 nisi
401 2835 460 2860 eos
485 2825 662 2869 prioribus
687 2824 931 2870 adiungimus,
956 2824 1051 2860 inter
1075 2835 1109 2860 v.
1138 2828 1205 2860 332
1231 2829 1269 2861 et
1294 2828 1361 2860 509
1397 2837 1527 2861 novam
1553 2826 1604 2862 in·

44 2883 213 2919 cisionem
239 2884 358 2919 facere
384 2884 554 2929 cogimur.

186 2942 215 2988 ²)
238 2943 297 2978 vel
323 2943 443 2987 potius
467 2948 548 2988 post
577 2946 677 2989 1106,
703 2954 785 2978 nam
812 2955 847 2982 v.
875 2946 1034 2979 1105—6
1060 2947 1274 2988 repetuntur
1298 2948 1378 2989 post
1406 2947 1506 2981 1164.

186 3002 215 3048 ³)
242 3013 276 3039 V.
301 3004 693 3038 417—18=1105—6
709 3016 754 3035 =
772 3006 864 3040 1164
887 3003 996 3049 g—h.
