1898 3418
715 193 1010 236 ...37-

84 325 495 380 Wiederholungen
536 323 898 381 wiedergegeben
929 324 1020 373 hat,
1054 323 1405 367 dassvielmehr
1435 323 1514 366 der
1539 323 1635 367 Aus

81 395 466 452 lassungsprozess
497 395 660 439 ebenso
699 396 761 438 alt
790 396 847 438 ist
893 395 973 439 wie
1020 394 1091 438 die
1137 399 1250 438 erste
1281 394 1510 438 Abschrift
1554 410 1635 439 aus

81 466 184 510 dem
203 467 425 510 Urkodex.
490 467 557 509 Ita
578 467 715 523 igitur
735 481 803 510 res
826 481 872 510 se
893 466 1040 518 habet,
1073 470 1123 509 ut
1153 465 1333 518 librarii,
1366 467 1445 522 qui
1465 467 1634 523 Theog-

81 538 215 581 nidea
252 538 632 590 transscriberent,
669 538 875 595 quotiens
913 538 961 580 in
997 551 1153 582 versus
1174 537 1353 580 iteratos
1373 537 1632 589 inciderent,

18 646 23 648 ,
81 624 157 652 eos
189 609 456 660 omitterent,
490 624 603 666 quos
635 624 680 652 se
711 609 803 652 iam
835 623 971 666 supra
1000 609 1157 665 legisse
1178 608 1499 652 meminissent.
1547 609 1635 652 Sed

80 681 253 724 etiamsi
287 685 402 723 recte
441 681 723 736 suspicamur
768 681 904 723 fuisse
951 681 998 722 in
1044 680 1284 736 archetypo
1331 680 1535 723 omnium
1565 695 1632 724 co-

79 751 229 795 dicum
262 752 411 808 plures
443 766 598 795 versus
631 752 852 808 repetitos,
900 766 1037 808 quam
1069 765 1189 794 nunc
1220 751 1355 794 etiam
1385 751 1432 794 in
1463 752 1632 808 optimo

78 822 190 866 libro
238 823 482 866 Mutinensi
529 823 751 879 leguntur,
798 827 949 865 tamen
994 837 1087 865 non
1130 822 1368 865 verisimile
1415 827 1481 865 est
1525 823 1631 866 olim

78 909 318 937 numerum
348 908 562 937 versuum
583 894 629 936 in
651 894 726 936 illo
748 894 988 950 archetypo
1003 893 1291 950 repetitorum
1307 908 1399 936 non
1413 894 1630 937 minorem

55 965 214 1008 ‘fuisse
245 980 380 1022 quam
415 979 655 1007 numerum
687 979 840 1008 eorum
873 979 1097 1016 versuum,
1129 964 1208 1020 qui
1239 979 1359 1007 nunc
1389 965 1437 1007 in
1468 965 1580 1008 libro
1599 970 1632 1018 ,8

77 1037 244 1080 insunt.
308 1036 395 1079 Sed
427 1036 537 1093 quid
569 1036 726 1088 obstat,
776 1037 887 1093 quin
934 1040 1143 1092 putemus
1189 1035 1458 1078 diorthotam
1502 1037 1631 1080 illum

77 1123 158 1152 suo
189 1108 371 1151 arbitrio
393 1122 578 1151 munere
601 1122 681 1150 suo
703 1108 910 1150 functum
932 1122 1039 1159 esse,
1072 1121 1175 1150 cum
1197 1122 1303 1149 mox
1324 1122 1404 1164 pro
1426 1108 1629 1151 versibus

76 1179 316 1231 amatoriis,
350 1194 462 1236 quos
495 1183 764 1236 seposuerat,
797 1179 906 1221 alios
938 1193 992 1221 ex
1014 1178 1378 1221 antecedentibus
1400 1184 1628 1236 repeteret,

23 1264 32 1270 ·
76 1265 182 1294 mox
213 1251 319 1294 satis
350 1251 534 1294 haberet
564 1250 810 1293 seiunxisse
853 1264 1022 1302 versus,
1069 1250 1116 1292 in
1163 1249 1326 1306 quibus
1372 1251 1628 1304 offenderet,

75 1337 158 1366 nec
189 1323 298 1365 alios
330 1323 377 1364 in
410 1336 564 1365 eorum
597 1322 741 1364 locum
777 1321 1109 1364 substituendos
1131 1321 1355 1364 curaret5>¹
1417 1322 1628 1366 Attamen

75 1408 197 1437 nunc
229 1408 409 1450 quoque
442 1407 496 1436 ex
527 1407 714 1435 numero
761 1407 975 1436 versuum
1021 1393 1308 1449 repetitorum
1355 1393 1526 1449 aliquid
1571 1394 1627 1437 ad

74 1465 354 1522 probandam
387 1465 653 1507 sententiam
686 1478 835 1507 meam
877 1478 949 1506 me
995 1464 1206 1520 proficere
1251 1478 1380 1521 posse
1426 1464 1625 1508 arbitror.

77 1537 196 1579 Nam
229 1551 283 1579 ex
316 1537 371 1578 28
404 1535 618 1587 distichis,
652 1550 767 1592 quae
798 1536 845 1578 in
876 1535 989 1578 libro
1010 1541 1056 1580 A
1076 1539 1350 1591 repetuntur,
1387 1536 1439 1578 15
1469 1536 1515 1578 in
1538 1551 1627 1579 ma-

73 1608 165 1651 iore
213 1608 354 1664 elegia
400 1611 588 1659 exstant,
636 1607 808 1663 reliqua
857 1608 909 1649 13
942 1621 1021 1663 per
1067 1620 1112 1649 se
1159 1606 1369 1663 leguntur
1409 1621 1491 1650 nec
1523 1622 1627 1651 cum

0 1664 5 1673 ‚.
72 1679 438 1722 antecedentibus
470 1693 551 1721 nec
583 1692 686 1721 cum
720 1678 1010 1734 sequentibus
1041 1678 1291 1721 coniuncta.
1355 1679 1410 1720 In
1441 1678 1554 1722 libro
1588 1684 1629 1722 B

72 1755 221 1793 autem
256 1749 504 1793 secundum
537 1750 835 1806 Bergkianam
877 1749 1118 1792 editionem
1149 1749 1332 1792 omnino
1368 1750 1420 1792 18
1453 1750 1630 1807 singula

73 1821 262 1864 disticha
292 1822 515 1878 leguntur,
563 1835 652 1877 quo
700 1835 754 1863 ex
801 1835 987 1863 numero
1036 1820 1125 1863 duo
1172 1820 1373 1872 disticha,
1422 1821 1528 1877 quia
1570 1821 1628 1864 ad

71 1893 381 1950 quaestionem
395 1897 594 1935 nostram
609 1907 698 1935 non
711 1892 947 1948 pertinent,
961 1891 1236 1948 segreganda
1249 1896 1366 1944 sunt,
1382 1892 1625 1945 1243—44‚

71 1964 194 2021 quod
242 1964 377 2007 etiam
423 1964 471 2006 in
518 1963 630 2006 libro
663 1970 707 2006 Α
739 1963 943 2006 597—98
990 1963 1180 2005 occurrit
1215 1967 1258 2005 et
1292 1964 1536 2015 1365m-66‚
1570 1964 1627 2006 ad

71 2035 198 2078 cuius
215 2035 472 2092 exemplum
504 2036 672 2077 factum
694 2049 789 2077 esse
811 2034 1032 2077 distichon
1058 2034 1288 2076 1117-18
1310 2034 1625 2079 demonstravi.

73 2106 278 2149 Fortasse
311 2107 445 2149 etiam
478 2106 700 2149 distichon
736 2106 966 2148 1375—76

271 2178 444 2231 Ὄλβιος
476 2177 592 2230 ὅστις
625 2178 787 2229 παιδός
819 2179 931 2236 ἐρῶν
963 2177 1039 2222 οὐκ
1071 2177 1164 2221 οἶδε
1195 2178 1447 2228 θάλασσαν,

282 2251 387 2294 οὐδέ
415 2252 454 2292 οἱ
485 2251 535 2294 ἐν
566 2251 714 2309 πόντῳ
747 2248 826 2301 νύξ
856 2248 1036 2294 ἐπιοῦσα
1069 2251 1188 2305 μέλει

70 2321 246 2378 neglegi
278 2325 434 2377 potest,
467 2335 574 2363 nam
606 2320 837 2376 probanda
869 2320 981 2362 mihi
1013 2319 1234 2371 videntur,
1268 2333 1383 2375 quae
1406 2319 1623 2376 Bergkius

68 2392 126 2435 ad
156 2407 198 2435 v.
237 2392 348 2434 1375
381 2396 591 2436 annotat:
628 2392 748 2443 „sive
795 2391 1018 2434 breviator
1064 2391 1156 2434 sive
1203 2390 1409 2433 librarius
1454 2390 1625 2447 aliquot

72 2477 229 2507 versus
260 2463 437 2506 videtur
467 2463 828 2520 praetermisisse,
862 2462 1026 2518 quibus
1059 2466 1190 2518 poeta
1220 2461 1475 2504 felicitatem
1507 2476 1623 2504 ama-

67 2535 174 2578 toris
206 2549 233 2577 a
263 2534 477 2576 maritimi
507 2534 679 2577 itineris
710 2533 917 2590 periculis
949 2533 1102 2590 procul
1143 2532 1299 2575 remoti
1343 2532 1522 2588 planius
1553 2533 1622 2576 de-

72 2606 350 2662 scripserat.“
414 2605 500 2648 Sed
522 2620 626 2648 cum
658 2620 749 2648 non
781 2608 964 2656 constet,
998 2618 1087 2660 quo
1119 2608 1318 2660 tempore
1349 2618 1518 2655 versus,
1543 2604 1622 2660 qui

67 2681 183 2720 certe
215 2676 390 2728 desunt,
423 2676 583 2733 perditi
615 2677 716 2728 sint,
749 2680 900 2718 utrum
933 2690 1036 2718 cum
1082 2675 1129 2718 in
1175 2675 1319 2731 priore
1366 2675 1621 2718 collectione

66 2749 207 2805 elegia
238 2751 430 2791 exstaret
459 2762 518 2790 an
549 2762 653 2791 cum
684 2748 774 2790 iam
806 2747 1020 2790 translata
1063 2752 1177 2790 esset
1223 2747 1270 2788 in
1318 2746 1619 2802 posteriorem,

208 2937 234 2981 ¹)
257 2937 385 2973 Nonne
410 2947 439 2972 e.
466 2947 520 2983 gr.
555 2947 679 2972 versus
719 2939 903 2971 1353-56
937 2935 992 2971 ita
1027 2935 1066 2970 in
1102 2941 1241 2971 arctum
1266 2935 1418 2980 redegit,
1443 2939 1486 2971 ut
1509 2945 1619 2971 unum

63 3002 206 3033 tantum
232 2996 410 3032 distichon
437 2999 574 3031 sol-2
601 2996 639 3031 in
664 2995 755 3032 libro
780 2999 813 3028 A
837 3005 932 3030 nunc
958 2994 1146 3030 efficiant?
