1898 3418
704 602 1007 674 Vita.

213 846 397 890 Carolus
457 847 680 892 Henrious
736 849 868 892 Frese
931 849 1001 892 die
1050 850 1137 893 VII
1199 849 1365 892 mensis
1423 850 1625 893 Januarii

70 917 398 961 MDCCOLXX
420 923 545 975 patre
571 919 836 972 Christiano,
870 925 1010 964 matre
1034 921 1213 973 Doride,
1247 935 1269 963 e
1300 925 1432 977 gente
1454 921 1622 974 Starek,

70 988 302 1032 Ueterseni
334 994 466 1033 natus
499 1005 611 1033 sum.
673 991 773 1042 Quo
805 992 852 1034 in
885 992 1098 1049 oppidulo
1130 996 1368 1048 postquam
1401 1007 1544 1049 usque
1566 993 1623 1035 ad

68 1059 294 1104 decimum
327 1062 508 1104 tertium
541 1077 712 1105 annum
734 1063 926 1119 publicis
958 1062 1004 1106 et
1021 1061 1215 1120 priVatis'
1229 1063 1391 1106 scholis
1423 1063 1622 1106 eruditus

67 1146 181 1185 sum,
204 1133 251 1175 in
274 1133 451 1176 tertiam
473 1134 659 1176 classem
682 1135 905 1191 gymnasii
927 1134 1250 1177 Meldorfiensis
1282 1139 1484 1191 receptus
1506 1149 1619 1187 sum,

4 1238 13 1245 .
67 1204 185 1260 quod
222 1219 365 1261 usque
397 1205 455 1247 ad
486 1210 756 1248 autumnum
788 1206 895 1249 anni
932 1206 1043 1249 1889
1085 1206 1378 1262 frequentavi.
1442 1206 1620 1248 Maturi-

64 1275 167 1318 tatis
199 1277 405 1319 examine
437 1277 698 1332 perfunctus
721 1277 1010 1320 Monachium
1033 1291 1104 1319 me
1127 1277 1307 1328 contuli,
1332 1276 1408 1320 ubi
1430 1291 1509 1333 per
1531 1277 1619 1320 duo

63 1348 294 1390 semestria
336 1348 538 1391 militavi.
602 1348 833 1391 Autumno
882 1348 1075 1405 proximi
1133 1348 1240 1391 anni
1284 1348 1619 1391 universitatem

9 1445 18 1451 ·
62 1418 312 1462 Kiliensem
334 1419 436 1471 adii,
470 1434 560 1475 quo
583 1420 741 1462 studiis
765 1420 1042 1476 philologieis
1074 1434 1145 1462 me
1170 1419 1336 1472 darem,
1361 1420 1487 1462 cuius
1510 1419 1617 1462 Aea-

62 1489 235 1533 demiae
278 1491 388 1534 civis
419 1491 566 1534 adhuc
597 1492 676 1543 fui,
710 1506 801 1534 una
832 1495 1016 1547 excepta
1047 1491 1206 1542 hieme,
1241 1505 1378 1547 quam
1424 1491 1617 1534 Berolini

61 1561 174 1618 degi.
247 1562 508 1605 Doouerunt
550 1577 622 1605 me
661 1563 745 1606 viri
788 1563 905 1605 docti
954 1563 1026 1605 hi:
1071 1562 1208 1614 Blass,
1255 1562 1415 1615 Bruns,
1459 1562 1614 1614 Cauer‚

59 1632 115 1675 de
146 1633 306 1685 Christ,
339 1634 556 1685 Deussen,
595 1634 841 1686 Erdmann,
875 1634 1041 1690 Geigel,
1099 1633 1153 1675 de
1195 1633 1392 1690 Gizycki,
1427 1633 1613 1688 Glogau⁷

60 1704 272 1757 Guettler‚
331 1692 580 1757 Kirchhoff,
650 1705 854 1756 Paulsen,
915 1704 969 1747 de
1030 1704 1301 1756 Treitschke,
1369 1704 1611 1756 Rossbach,

58 1775 110 1817 A.
131 1775 343 1829 Schoene‚
365 1777 496 1829 Wolf,
521 1776 685 1833 quibus
708 1776 916 1820 omnibus
937 1776 1103 1832 gratias
1122 1790 1205 1832 ago
1224 1790 1361 1832 quam
1379 1776 1610 1818 maximas.

59 1846 294 1892 Seminarii
308 1848 564 1905 philologici
581 1848 794 1891 Kiliensis
806 1862 885 1904 per
900 1847 1345 1903 quinque-semestria
1359 1847 1521 1889 sodalis
1533 1847 1609 1889 fui.
