1898 3418
706 185 1002 231 -19-

81 310 328 368 wichtigste
369 327 460 356 war
490 315 563 356 fiir
602 315 681 357 ihn
723 315 802 358 der
838 321 1093 372 ungestorte
1136 317 1266 361 Fluss
1313 319 1390 362 des
1438 320 1636 372 Ganzen,

81 381 168 425 den
201 384 298 426 eine
331 384 680 442 Wiederholung
711 387 835 429 nicht
867 387 1147 439 unterbrach,
1180 389 1268 432 den
1299 391 1373 433 ein
1405 391 1634 434 fehlendes

80 453 314 498 Stichwort
345 457 511 500 zerriss.
576 457 622 500 Si
654 458 775 500 enim
806 458 868 501 ita
899 473 967 502 res
999 474 1045 503 se
1074 460 1269 513 haberet,
1302 466 1352 504 ut
1382 462 1438 504 ab
1470 476 1535 514 eo,
1558 463 1637 518 qui

79 525 242 569 librum
275 533 321 571 A
350 529 612 584 composuit,
661 529 850 572 disticha
895 531 1082 587 repetita
1126 531 1183 575 ob
1225 547 1323 575 eam
1361 547 1542 576 causam
1589 534 1636 576 in

78 601 251 640 textum
283 603 459 655 recepta
489 600 590 651 sint,
623 615 679 643 ne
712 600 1036 645 desideraretur
1065 603 1175 646 illud
1198 604 1480 656 vocabulum,
1515 605 1636 661 quod

77 673 230 712 nostra
267 670 421 726 lingua
462 670 652 714 dicimus
689 672 990 725 »Stichwort«,
1039 675 1388 731 exspectandum
1435 680 1550 719 esset
1588 677 1634 718 in

77 739 286 784 omnibus
333 742 536 786 versibus
593 744 789 800 repetitis
835 744 980 788 inesse
1027 746 1137 788 illud
1185 746 1468 799 vocabulum,
1514 747 1635 803 quod

75 812 196 855 idem
227 813 497 857 vocabulum
531 815 832 858 antecedentis
864 821 942 859 aut
973 817 1200 873 sequentis
1233 818 1398 874 elegiae
1430 819 1632 875 excipiat.

77 884 226 935 Quam
268 899 362 927 rem
404 886 590 928 minime
631 887 692 928 ita
723 901 769 929 se
816 887 980 930 habere
1012 888 1237 932 Fritzsche
1267 889 1425 934 Philol.
1459 890 1544 934 vol.
1578 891 1634 933 29

75 970 174 1012 pag.
209 957 293 1000 531
328 971 430 999 ann.
466 958 492 1000 2
524 958 691 1014 optime
722 959 928 1015 exposuit
1003 959 1187 1002 Accedit
1215 960 1262 1002 id
1293 975 1486 1017 quoque,
1512 962 1634 1017 quod

74 1027 184 1070 dum
215 1028 263 1071 in
295 1029 440 1084 priore
472 1034 596 1085 parte
627 1029 727 1072 libri
748 1036 794 1074 A
823 1030 1104 1086 repetitiones
1137 1031 1243 1074 satis
1274 1046 1398 1074 rarae
1431 1037 1547 1084 sunt,
1570 1033 1633 1075 in-

74 1104 142 1142 tra
158 1114 199 1143 v.
222 1100 333 1142 1038
351 1104 395 1142 et
415 1101 526 1143 1185
543 1115 634 1143 non
650 1101 802 1144 minus
820 1115 957 1157 quam
974 1103 1031 1144 59
1048 1116 1202 1145 versus
1220 1103 1393 1159 repetiti
1409 1103 1630 1160 leguntur.

827 1247 874 1290 b.

219 1325 366 1376 Quam
399 1326 455 1368 ab
504 1341 597 1369 rem
642 1327 905 1370 recentiores
951 1327 1036 1371 viri
1083 1328 1199 1371 docti
1246 1333 1361 1372 recte
1393 1330 1632 1373 Nietzschii

73 1396 128 1439 de
159 1397 362 1440 versibus
395 1398 591 1454 repetitis
623 1399 889 1441 sententiam
921 1399 1189 1442 reiciendam
1235 1414 1329 1443 esse
1361 1407 1632 1445 censuerunt

72 1472 116 1510 et
131 1468 258 1511 aliter
274 1469 581 1512 difficultatem
598 1470 748 1513 tollere
766 1470 1045 1522 studuerunt,
1065 1485 1168 1513 cum
1186 1485 1240 1514 ex
1258 1471 1432 1515 duabus
1450 1473 1630 1529 syllogis

71 1544 271 1582 nostram
302 1541 606 1584 collectionem
649 1542 864 1584 coaluisse
897 1542 1104 1585 dicerent.
1170 1543 1318 1593 Quam
1363 1544 1629 1586 sententiam

73 1611 245 1667 primus
277 1617 497 1669 quantum
531 1614 634 1665 scio,
659 1614 716 1655 H.
741 1613 1050 1657 Schneidewin
1081 1614 1128 1656 in
1160 1614 1480 1663 dissertatione,
1514 1630 1630 1671 quae

72 1682 350 1726 inscribitur:
374 1684 428 1727 de
451 1685 631 1741 syllogis
654 1685 952 1742 Theognideis
974 1684 1271 1742 (Argentorati
1300 1686 1426 1743 1878)
1447 1687 1629 1730 uberius

72 1754 360 1811 comprobare
393 1755 574 1798 studuit.
602 1756 680 1812 qui
711 1771 810 1813 pag.
849 1757 914 1798 11.
938 1757 964 1799 l.
988 1770 1023 1799 c.
1043 1756 1173 1799 dicit:
1195 1757 1311 1799 inter
1341 1771 1521 1800 versum
1543 1758 1628 1800 878

72 1830 115 1868 et
151 1827 260 1869 1038
297 1841 440 1870 novae
481 1827 750 1870 collectionis
782 1827 960 1870 initium
997 1828 1297 1870 intercessisse
1333 1828 1625 1885 suspicamur.

70 1897 344 1942 Retractavit
374 1903 528 1955 postea
559 1899 676 1942 hanc
707 1900 1015 1955 quaestionem
1048 1900 1099 1942 G.
1120 1898 1402 1942 Studemund
1432 1900 1479 1942 in
1511 1914 1625 1943 com-

70 1969 342 2012 mentatione
380 1971 625 2027 praemissa
667 1971 804 2013 indici
843 1971 1083 2013 lectionum
1127 1971 1429 2014 universitatis
1462 1971 1625 2014 Vratis-

70 2040 280 2084 laviensis
317 2042 520 2094 1889s90‚
554 2042 682 2085 cuius
714 2043 979 2085 sententiam
1011 2042 1260 2084 accuratius
1301 2042 1621 2086 examinemus.

212 2125 346 2168 Putat
376 2126 445 2169 vir
476 2125 632 2168 doctus
663 2130 865 2168 nostrum
897 2125 1061 2168 librum
1092 2132 1138 2169 A
1167 2125 1310 2168 redire
1341 2125 1398 2168 ad
1430 2126 1518 2168 duo
1549 2140 1623 2169 an-

69 2195 196 2252 tiqua
226 2196 439 2253 florilegia
460 2202 503 2239 et
524 2197 786 2240 incisionem
809 2196 1058 2239 faciendam
1081 2210 1175 2239 esse
1198 2201 1297 2253 post
1318 2211 1498 2240 versum
1521 2198 1618 2240 932.

69 2266 283 2309 Nostrum
315 2271 466 2311 autem
496 2267 884 2324 Theognideorum
919 2267 1083 2310 librum
1114 2275 1160 2312 A
1195 2268 1466 2310 continuisse
1498 2274 1620 2324 quat-

69 2342 170 2380 tuor
202 2338 438 2394 quiniones
491 2339 585 2383 sive
631 2338 864 2391 πεντάὸια,
912 2354 966 2381 ex
998 2338 1161 2395 quibus
1212 2343 1299 2381 tres
1346 2339 1470 2395 prius
1507 2341 1619 2383 flori—

68 2409 234 2465 legium
285 2410 648 2466 comprehendiss
679 2425 702 2453 e
739 2415 949 2466 quartum
1001 2410 1058 2453 ad
1090 2410 1307 2466 posterius
1354 2411 1618 2467 florilegium

67 2480 359 2536 pertinuisse;
393 2481 560 2537 cepisse
592 2486 740 2524 autem
775 2481 973 2536 singulas
1021 2481 1207 2537 paginas
1240 2481 1473 2537 utriusque
1505 2483 1617 2525 flori-

67 2551 170 2608 legii
202 2566 331 2594 senos
363 2552 500 2595 denos
532 2567 698 2596 versus.
762 2551 1061 2595 Continebant
1082 2552 1218 2608 igitur
1249 2552 1495 2595 secundum
1520 2553 1615 2611 Stu-

67 2622 298 2665 demundii
320 2623 577 2679 opinionem
598 2628 809 2679 quattuor
839 2623 902 2665 illi
923 2623 1135 2674 fasciculi,
1179 2623 1322 2679 primo
1354 2623 1459 2666 folio
1482 2625 1614 2679 primi

66 2694 294 2758 quinionis
325 2693 382 2736 ad
413 2694 593 2736 titulum
642 2694 741 2736 libri
773 2693 1095 2750 capessendum
1127 2708 1269 2737 vacuo
1301 2694 1464 2746 relicto,
1506 2696 1612 2737 1248

65 2779 231 2808 versus.
296 2765 410 2807 Cum
441 2770 590 2808 autem
612 2766 659 2807 in
691 2766 858 2822 optimo
880 2765 1029 2808 codice
1060 2771 1106 2809 A
1135 2770 1308 2821 praeter
1332 2766 1444 2808 1220
1459 2780 1614 2808 versus

66 2835 272 2879 editionis
303 2836 577 2893 Bergkianae
609 2838 665 2879 36
697 2851 852 2879 versus
885 2836 1058 2892 repetiti
1089 2836 1305 2892 legantur,
1340 2850 1452 2892 quos
1484 2837 1612 2892 Berg-

65 2907 166 2950 kius
211 2908 371 2959 omisit,
430 2912 641 2964 quattuor
687 2907 875 2950 disticha
921 2907 1106 2963 repetita
1153 2912 1306 2963 postea
1354 2907 1400 2948 in
1448 2907 1610 2949 librum

65 2984 267 3022 nostrum
314 2979 541 3035 irrepsisse
588 2993 765 3021 necesse
798 2982 874 3021 est.
955 2977 1085 3028 Quod
1119 2977 1398 3073 Stu‘ifflssffu‘]
1431 2992 1610 3035 quoque
