1898 3418
915 198 1187 244 -24..

281 332 513 381 sententia,
533 332 609 388 qui
634 346 733 388 pag.
760 333 816 375 20
839 331 1161 374 dissertationis
1183 346 1289 375 suae
1311 335 1440 388 putat
1460 345 1617 376 versus
1637 331 1840 376 1105--6

280 403 541 446 coniunctos
559 418 661 446 cum
683 403 887 447 versibus
919 403 1137 454 571-72,
1163 403 1241 459 qui
1274 403 1321 446 in
1339 402 1567 447 codicibus
1598 407 1702 447 ante
1726 402 1840 449 1105

281 479 554 531 repetuntur,
589 489 644 518 ex
665 475 917 531 antiquiore
940 479 983 517 et
1004 474 1185 518 meliore
1207 475 1449 532 archetypo
1480 474 1674 518 fluxisse.
1737 469 1842 523 Om'·

282 546 389 589 nino
413 560 515 589 eum
549 547 715 602 fugisse
748 546 925 590 videtur
955 546 1200 602 genuinam
1233 547 1425 589 formam
1457 546 1649 598 distichi,
1681 545 1739 590 ad
1769 560 1841 593 ou-

279 618 350 660 ius
382 618 638 674 exemplum
656 632 700 662 v.
730 618 1052 661 1105-6fa0ti
1075 622 1192 670 sunt,
1216 623 1365 661 extare
1382 618 1428 661 in
1451 618 1593 674 elegia
1619 618 1840 664 415—18.

281 689 327 732 Si
365 694 516 732 autem
563 690 747 732 omnino
795 690 904 733 haec
936 689 1025 732 duo
1076 689 1266 733 disticha
1311 691 1516 733 571-72
1563 694 1607 733 et
1641 690 1842 734 1105—ss

282 761 597 817 coniungenda
637 766 754 813 sunt,
804 765 920 804 certe
951 775 1043 804 non
1075 776 1102 804 a
1134 766 1266 819 poeta
1307 762 1404 819 ipso
1451 761 1529 805 sed
1560 776 1588 805 a
1618 761 1843 806 diorthota

279 832 354 875 illo
386 847 477 875 11011
501 837 610 890 apte
643 833 889 890 composita
920 838 1036 876 sunt.

422 905 577 947 Restat
610 919 701 947 una
731 908 908 947 tantum
940 905 1239 962 complurium
1283 920 1496 949 versuum
1538 906 1692 963 elegia,
1723 920 1842 964 quae

280 976 348 1019 bis
391 976 438 1018 in
479 976 591 1019 libro
623 983 668 1021 A
699 977 889 1019 occurrit
921 992 960 1020 v.
995 977 1200 1020 441-46
1234 981 1277 1020 et
1307 992 1348 1020 v.
1387 978 1616 1022 1162a-f.
1680 977 1843 1022 Varias
1872 990 1878 992 “

280 1048 534 1104 posterioris
575 1048 657 1090 loci
700 1048 909 1091 lectiones
941 1049 1151 1106 ἐπίδηλον
1182 1063 1262 1106 pro
1293 1050 1510 1108 ἐπίδηλος,
1544 1051 1694 1107 θυμὸν
1724 1052 1843 1108 ὅμὸς

279 1129 448 1176 μίσγειν
489 1134 568 1176 pro
601 1121 750 1177 θυμὸν
781 1120 891 1177 ἔχων
921 1130 1098 1178 μίμνειν
1128 1121 1309 1177 ingenio
1341 1121 1602 1174 diorthotae,
1636 1121 1716 1179 qui
1746 1135 1842 1166 sen-

281 1190 393 1234 511111
414 1205 627 1235 versuum
659 1191 866 1235 441-—46
898 1206 990 1234 non
1022 1196 1138 1235 recte
1169 1192 1447 1244 intellexerit,
1481 1192 1631 1236 deberi
1673 1193 1842 1251 optime

281 1263 520 1319 explicavit
550 1262 780 1321 Jordan¹),
814 1264 900 1306 nisi
933 1263 1054 1320 quod
1094 1278 1194 1307 mea
1226 1264 1409 1321 quidem
1454 1265 1675 1308 sententia
1704 1264 1844 1309 verba

280 1337 373 1379 ἀλλ’
408 1337 431 1376 o‘
462 1341 545 1392 μὲν
575 1334 736 1388 ἐσθλὸς
767 1338 908 1396 τολμᾷ
940 1337 1052 1390 ἔχων
1082 1335 1131 1381 τό
1165 1337 1313 1387 κακὸν,
1337 1341 1455 1382 κὀυκ
1486 1337 1691 1396 ἐπίδηλος
1722 1336 1842 1395 ὅμως

281 1421 370 1448 11011
416 1411 532 1450 recte
578 1407 894 1464 interpretatus
922 1411 999 1450 est.
1065 1408 1210 1451 Vertit
1241 1408 1362 1451 enim
1393 1422 1446 1451 ea
1476 1409 1523 1451 in
1545 1407 1732 1452 latinam
1761 1407 1842 1452 lin—

279 1493 418 1534 guam
440 1478 524 1521 hoc
546 1478 679 1521 modo
702 1479 771 1522 vir
803 1478 980 1522 doctus:
1020 1479 1160 1522 »inter
1179 1479 1385 1523 homines
1417 1479 1557 1523 bonos
1589 1494 1842 1538 pravosque

280 1550 365 1599 hoc
398 1550 459 1593 ait
490 1551 716 1602 interesse,
750 1554 800 1593 ut
832 1550 935 1593 boni
969 1551 1040 1595 vel
1073 1552 1243 1594 malum
1274 1551 1630 1595 infortuniumve
1671 1551 1845 1596 fortiter

281 1622 544 1674 sustineant,
578 1636 634 1664 ne
666 1621 811 1665 laudis
844 1622 1026 1678 quidem
1060 1623 1124 1666 illi
1156 1623 1377 1667 exanclati
1408 1623 1572 1667 laboris
1603 1623 1769 1682 cupidi,
1797 1626 1845 1668 at

279 1693 407 1750 pravi
439 1708 473 1736 0.
509 1709 551 1750 q.
586 1708 646 1736 s.‹<
713 1694 809 1750 Ego
842 1694 987 1738 lucem
1019 1695 1168 1738 afferri
1202 1710 1330 1752 posse
1362 1700 1512 1739 nostro
1536 1695 1631 1739 loco
1663 1710 1719 1740 ex
1748 1709 1843 1741 ver-

281 1764 403 1808 sibus
436 1765 737 1822 Theognideis
769 1760 976 1810 359—60
1007 1766 1151 1819 credo,
1186 1766 1262 1809 ubi
1295 1767 1506 1824 leguntur
1537 1767 1668 1811 haec:

429 1852 432 1857 ·
500 1839 631 1895 Μηδὲ
666 1839 762 1896 λίην
793 1839 1013 1896 ἕπίφαινε·
1048 1839 1187 1883 κακὼ)
1217 1841 1269 1883 δέ
1295 1858 1354 1890 τε,
1391 1841 1518 1900 Ι1”1’·ρν’
1551 1841 1802 1898 ἐπιφαίνων

494 1907 688 1969 παύρους
720 1911 966 1968 κηδεμόνας
998 1915 1072 1967 σῆς
1103 1912 1338 1969 κακότητος
1369 1911 1491 1968 ἔχεις.

423 1981 538 2023 Cum
571 1995 662 2023 non
694 1980 908 2025 dissimile
941 1982 997 2025 sit
1029 1982 1114 2025 hoc
1146 1981 1369 2026 distichon
1396 1987 1548 2026 nostro
1580 1982 1689 2035 loco,
1721 1982 1845 2026 hunc

283 2053 322 2095 ei
355 2067 538 2095 sensum
569 2053 714 2096 ine-sse
747 2053 977 2097 existimo:
1012 2055 1081 2098 vir
1112 2054 1258 2098 bonus
1289 2055 1460 2098 fortiter
1500 2054 1672 2098 malum
1716 2053 1844 2099 susti-

281 2129 368 2176 net,
417 2139 499 2167 nec
546 2129 697 2168 tamen
746 2125 956 2169 omnibus
1000 2127 1289 2183 perspicuum
1337 2131 1402 2170 est
1450 2141 1554 2169 eum
1586 2126 1755 2170 versari
1794 2126 1844 2170 in

282 2195 413 2239 rebus
445 2195 656 2239 adversis
1767 2248 1771 2252 .

426 2267 522 2310 Iam
546 2268 855 2312 examinemus
878 2270 1055 2326 singula
1077 2269 1267 2313 disticha
1298 2270 1495 2327 repetita.
1559 2270 1613 2313 V.
1637 2269 1844 2315 209-10

282 2339 445 2381 iterum
477 2344 717 2382 occurrunt
748 2345 849 2396 post
881 2341 980 2384 332.
1046 2341 1341 2398 Interpolator
1371 2341 1613 2399 posteriore
1644 2341 1741 2386 loco
1761 2356 1843 2400 pro

282 2411 586 2467 comparativo
609 2411 683 2454 illo
716 2413 982 2468 gravissimo
1015 2413 1293 2473 οἷνιηρὰερον
1324 2414 1473 2471 posuit
1505 2414 1843 2471 superlativum,

285 2482 392 2539 quia
440 2482 627 2539 putabat
659 2498 704 2526 se
736 2484 828 2527 vim
879 2485 1125 2528 sententiae
1172 2485 1443 2542 superlativo
1490 2500 1653 2542 augere
1699 2499 1843 2543 posse,

283 2569 387 2598 cum
420 2569 574 2598 revera
596 2555 791 2599 maxime
810 2571 908 2599 eam
941 2557 1203 2608 debilitaret,
1237 2558 1291 2601 ct.
1315 2557 1460 2601 Cauer
1491 2558 1516 2600 l.
1551 2572 1587 2601 0.
1622 2572 1723 2615 pag.
1755 2557 1840 2602 531

283 2631 326 2669 et
355 2626 525 2670 Jordan
557 2627 582 2669 l.
618 2641 652 2670 c.
687 2641 787 2684 pag.
828 2629 891 2672 10.

425 2698 491 2740 De
523 2698 726 2742 versibus
753 2700 968 2752 115-16,
1002 2701 1079 2757 qui
1112 2705 1213 2757 post
1244 2700 1329 2744 642
1351 2700 1612 2745 hexametro
1639 2699 1843 2746 liberiore

428 2899 454 2945 ¹)
481 2901 631 2947 Cauero,
658 2900 719 2945 qui
746 2905 852 2945 putat
876 2901 1070 2946 genuinam
1106 2901 1294 2938 lectionem
1320 2913 1396 2938 esse
1423 2901 1546 2950 θυμὸν
1570 2904 1663 2950 ἔχων
1685 2907 1843 2949 μίσγειν,

283 2960 451 2995 assertire
478 2971 547 2995 non
583 2971 738 3005 possum,
776 2971 845 2996 11011
872 2961 966 2997 enim
993 2961 1238 2998 accusativum
1266 2961 1389 3011 θυμὸν
1414 2962 1521 2998 simul
1546 2962 1592 2998 ad
1616 2964 1710 3011 ἔχων
1734 2967 1772 2999 et
1795 2962 1842 3002 ad

281 3024 425 3068 μίσγειν
451 3019 578 3063 referri
604 3030 705 3071 posse
731 3020 908 3057 existimo.
