1898 3418
708 191 1001 236 ,43-

217 321 425 365 Clemens
445 321 779 366 Alexandrinus
801 326 953 365 utrum
973 326 1170 366 nostram
1191 337 1249 365 an
1275 322 1411 365 aliam
1433 321 1633 378 syllogen

76 392 471 449 Theognideorum
502 398 606 436 ante
637 394 789 437 oculos
826 393 1046 446 habuerit,
1090 393 1285 436 dubitari
1317 397 1474 450 potest,
1517 397 1633 436 certe

74 463 167 506 iam
196 463 245 506 in
276 464 372 507 eius
405 465 648 521 exemplari
683 480 722 508 v.
752 466 833 508 153
866 466 1006 509 nostri
1037 465 1151 517 libri,
1184 479 1321 521 quem
1343 464 1517 507 Solonis
1539 478 1634 507 esse

76 549 212 591 supra
256 550 356 592 pag.
393 536 446 578 14
485 536 802 588 demonstravi,
845 537 1057 580 exstabat.
1122 535 1465 593 Antiquioribus
1496 550 1635 592 quam

14 638 18 640 -
76 606 153 658 eis,
177 606 232 649 de
254 606 420 663 quibus
442 607 590 650 adhuc
611 607 681 663 egi
705 608 994 664 scriptoribus
1016 612 1221 651 nostrum
1242 607 1635 663 Theognideorum

0 699 2 701 >
75 677 240 720 librum
263 683 421 721 notum
444 679 581 721 fuisse
603 679 726 722 nullo
748 679 881 722 modo
904 679 1081 736 probari
1103 683 1260 736 potest.
1305 679 1375 721 Ex
1396 678 1634 721 Plutarcho

77 749 262 806 quidem
303 749 358 792 de
401 750 502 793 aud.
548 755 662 807 poet.
706 751 733 793 2
771 756 814 794 et
857 751 1002 794 Dione
1034 751 1351 808 Chrysostomo
1382 750 1439 802 ΙΙ,
1458 750 1484 792 3
1522 749 1635 792 nihil

76 820 200 864 aliud
231 821 434 877 sequitur
463 822 549 864 nisi
581 822 760 864 illorum
790 822 1026 865 hominum
1054 821 1330 878 temporibus
1362 836 1453 864 non
1483 820 1635 863 minus

78 906 215 949 quam
236 893 265 936 J
266 893 405 935 uliani
428 897 471 936 et
492 893 645 950 Cyrilli
666 893 974 950 Theognidem
1006 894 1128 936 fama
1158 893 1316 950 optimi
1338 892 1635 949 praeceptoris

77 964 273 1007 maxime
306 965 520 1007 floruisse.

220 1036 392 1079 Tamen
425 1036 616 1092 Bergkio
648 1037 984 1080 assentiendum
1017 1051 1111 1080 esse
1143 1041 1265 1093 puto,
1299 1037 1378 1093 qui
1410 1051 1452 1093 p.
1484 1036 1512 1078 l.
1546 1037 1632 1080 vol.

77 1107 133 1150 Π.
167 1121 268 1164 pag.
302 1107 390 1150 234
421 1107 475 1150 de
507 1112 720 1164 tempore,
764 1123 854 1164 quo
885 1113 1038 1151 nostra
1068 1108 1264 1151 collectio
1296 1112 1391 1151 orta
1423 1108 1492 1160 sit,
1525 1108 1635 1151 haec

78 1178 236 1222 habet:
269 1179 494 1235 Equidem
525 1193 684 1222 censeo
725 1179 971 1222 admodum
1012 1180 1246 1236 antiquam
1278 1194 1373 1222 esse
1404 1179 1521 1222 hanc
1553 1179 1634 1236 syl-

20 1257 29 1264 *
78 1249 222 1306 logen‚
256 1264 372 1307 quae
395 1265 499 1293 cum
529 1251 575 1293 in
597 1251 814 1312 omnium'
834 1255 948 1294 esset
970 1250 1179 1294 manibus
1199 1251 1358 1302 effecit,
1391 1255 1442 1294 ut
1461 1254 1635 1294 mature

77 1335 294 1378 germana
323 1322 598 1378 Theognidis
636 1323 837 1366 carmina
867 1322 1091 1366 oblivione
1128 1321 1433 1365 obruerentur.
1496 1321 1635 1365 Accu-

78 1393 217 1436 ratius
238 1397 390 1436 autem
418 1393 713 1436 determinare
740 1398 931 1450 tempus,
964 1408 1054 1450 quo
1086 1397 1183 1436 orta
1203 1394 1260 1436 sit
1281 1393 1448 1450 sylloge
1469 1397 1633 1445 nostra,

78 1478 171 1508 non
202 1465 360 1507 ausim.
423 1464 482 1507 At
513 1465 598 1508 hoc
629 1480 710 1521 pro
734 1469 851 1508 certo
874 1465 961 1508 dici
982 1469 1128 1522 potest
1147 1465 1323 1507 Platoni
1344 1465 1475 1521 longe
1495 1465 1635 1507 alium

78 1535 245 1579 librum
276 1536 666 1592 Theognideorum
699 1537 746 1579 in
789 1536 999 1579 manibus
1031 1536 1167 1579 fuisse
1199 1551 1249 1579 ac
1281 1540 1497 1587 nostrum,
1531 1550 1634 1578 cum

0 1662 2 1666 7
78 1607 374 1664 philosophus
421 1608 494 1651 ille
540 1608 659 1651 Men.
708 1623 806 1664 pag.
842 1609 898 1651 95
915 1608 955 1650 D
1003 1607 1194 1651 laudatis
1224 1607 1428 1651 versibus
1459 1608 1634 1650 33-36

76 1693 267 1735 pergens
299 1681 348 1724 ἐν
379 1676 527 1733 ἄλλοις
565 1682 612 1724 δὲ
657 1681 801 1735 ὀλίγον
847 1678 1043 1737 μεταβάς
1090 1693 1245 1723 versus
1288 1679 1375 1721 435
1393 1694 1413 1722 s
1459 1682 1635 1723 nostrae

77 1750 350 1794 collectionis
381 1750 528 1794 addat.
595 1751 754 1794 Verbis
787 1752 931 1806 ὀλίγον
961 1752 1161 1808 μεταβάς
1182 1750 1415 1793 Platonem
1447 1750 1512 1792 uti
1543 1765 1635 1793 non

77 1822 288 1878 potuisse,
322 1822 359 1865 si
391 1823 507 1866 inter
537 1823 649 1866 duos
680 1823 799 1866 locos
831 1822 1033 1865 laudatos
1055 1827 1105 1865 ut
1135 1822 1182 1864 in
1207 1827 1359 1865 nostra
1379 1822 1635 1865 collectione

77 1893 165 1937 400
199 1908 352 1938 versus
382 1894 718 1946 intercederent,
752 1895 1039 1951 perspicuum
1071 1898 1149 1936 est.

224 1978 294 2020 Ex
326 1978 642 2034 Xenophontis
674 1992 854 2034 quoque
888 1978 996 2028 1000,
1027 1977 1105 2033 qui
1126 1976 1248 2034 apud
1269 1976 1510 2019 Stobaeum
1540 1977 1636 2021 flor.

78 2049 365 2102 LXXVIII‚4
397 2054 599 2094 servatus
632 2054 709 2101 est,
759 2049 960 2105 sequitur
1003 2049 1263 2105 scriptorem
1307 2048 1436 2091 illum
1467 2048 1554 2091 alia
1583 2062 1636 2091 ac

79 2125 233 2164 nostra
262 2121 654 2178 Theognideorum
687 2121 943 2164 collectione
974 2135 1109 2163 usum
1141 2134 1248 2171 esse,
1281 2120 1329 2162 in
1351 2120 1479 2163 cuius
1508 2120 1635 2162 initio

79 2196 206 2235 erant
252 2206 408 2235 versus
443 2193 525 2236 183
545 2192 643 2250 ss¹).
708 2193 862 2234 Alium
894 2206 1074 2248 quoque
1120 2191 1268 2234 locum
1300 2191 1497 2234 Platonis
1544 2191 1635 2235 bre-

78 2263 194 2307 viter
238 2263 312 2306 hic
357 2265 574 2321 attingere
607 2265 749 2315 liceat,
798 2264 852 2306 de
899 2264 1012 2319 legg.
1049 2263 1134 2306 810
1156 2263 1207 2314 Ε,
1247 2262 1301 2305 (16
1333 2277 1422 2319 quo
1454 2262 1634 2306 uberius

79 2339 268 2391 egerunt
298 2335 443 2392 Bergk
490 2352 531 2393 p.
567 2337 593 2378 1.
643 2336 728 2379 vol.
762 2336 805 2378 ΙΙ
847 2349 948 2392 pag.
983 2335 1067 2377 235
1116 2339 1159 2376 et
1203 2334 1506 2377 Reitzenstein
1536 2334 1564 2376 l.
1597 2349 1632 2377 c.

79 2421 180 2463 pag.
218 2407 286 2458 72,
320 2422 598 2463 quamquam
646 2407 759 2450 nihil
807 2421 860 2449 ex
892 2407 977 2449 hoc
1007 2406 1104 2449 loco
1136 2405 1343 2462 cognosci
1374 2410 1519 2462 potest
1549 2406 1635 2448 nisi

79 2478 279 2521 Platonis
325 2483 524 2535 tempore
571 2479 806 2535 magistros
852 2478 1082 2534 discipulis
1129 2478 1290 2520 electos
1328 2477 1548 2533 quosdam
1581 2492 1634 2520 ex

80 2554 314 2606 poetarum
336 2550 510 2607 scriptis
531 2551 650 2594 locos
675 2549 934 2593 ediscendos
957 2549 1128 2592 tradere
1151 2549 1301 2591 solitos
1324 2563 1430 2592 esse.
1475 2549 1636 2592 Nostra

80 2626 232 2664 autem
263 2621 460 2665 collectio
492 2636 595 2666 cum
627 2626 743 2665 certe
774 2622 822 2663 in
854 2636 986 2664 usum
1019 2620 1272 2663 scholarum
1304 2635 1395 2663 non
1427 2621 1544 2663 facta
1565 2621 1632 2668 sit,

81 2692 276 2749 amplius
308 2692 362 2736 de
377 2693 447 2735 his
467 2694 666 2736 Platonis
687 2692 834 2736 verbis
857 2692 1069 2735 disserere
1092 2706 1183 2734 non
1215 2705 1394 2734 necesse
1425 2696 1502 2734 est.
1558 2692 1634 2733 Mi-

80 2778 182 2806 rum
213 2768 364 2806 autem
395 2764 507 2806 mihi
538 2764 727 2815 videtur,
772 2762 893 2819 quod
926 2767 1111 2819 uterque
1144 2762 1213 2804 vir
1259 2761 1414 2805 doctus
1446 2762 1500 2804 de
1540 2762 1634 2805 loco

225 2952 251 2997 ι)
274 2952 472 2989 Reicienda
496 2954 592 2990 enim
631 2953 720 2988 mihi
762 2952 904 2987 videtur
940 2951 1132 2997 sententia,
1172 2962 1277 2996 quam
1304 2951 1438 2986 Sit-zler
1462 2962 1544 2997 pag.
1571 2954 1592 2986 4
1619 2962 1635 2986 s

81 3013 126 3051 de
149 3014 216 3051 hoe
240 3013 316 3048 loeo
340 3012 502 3057 protulit.
