1898 3418
1822 0 1898 87 ’ῑέ

1824 81 1898 133 '23⁵1

918 206 1214 251 -44-

279 344 499 395 Isocratis,
533 343 589 386 ad
624 341 850 384 Nicoclem
883 340 954 390 43,
988 353 1123 395 quern
1157 353 1249 381 una
1280 351 1385 380 cum
1417 335 1615 380 Platonis
1654 335 1753 380 loco
1780 334 1844 380 af-

281 417 377 467 fert,
419 414 607 471 scripsit,
641 428 748 456 nam
781 416 939 455 neuter
970 414 1085 454 recte
1118 409 1254 454 verba
1285 408 1492 452 Isocratis
1512 407 1764 465 percepisse
1781 406 1845 452 vi»

280 487 420 530 detur.
485 486 633 528 Facile
666 485 785 528 enini
818 484 1078 540 quicunque
1110 481 1257 525 locum
1292 480 1543 524 accuratius
1584 477 1843 537 inspexerit,

279 563 517 614 cognoscet
536 556 736 608 Hesiodi,
756 555 1045 612 Theognidis,
1079 553 1335 611 Phocylidis
1356 552 1479 610 poesi
1511 551 1680 609 opponi
1710 550 1844 609 sclip-

279 636 324 674 ta
355 630 546 673 aliorum
563 633 810 686 poetarum,
830 642 884 670 ex
917 626 1082 684 quibus
1114 625 1314 682 singulas
1341 624 1585 668 sententias
1615 621 1845 679 eligendae

279 717 374 745 esse
407 702 622 745 Isocrates
656 700 774 742 dicit.
841 698 1069 750 Quoniam
1109 698 1246 755 igitur
1277 697 1462 740 omnino
1490 695 1576 739 hoc
1621 695 1718 739 loco
1747 700 1843 739 non

277 779 437 830 agatur
469 773 523 816 de
557 772 769 815 electione
802 786 825 814 e
857 770 1158 827 Theognideis
1189 768 1407 819 facienda,
1441 782 1523 811 nec
1555 766 1703 824 Bergk
1724 770 1846 811 recto

278 846 514 889 conclusit:
554 843 784 887 »nondum
807 843 907 886 talis
929 842 1098 898 sylloge
1119 840 1364 893 exstabat«,
1387 855 1470 884 nec
1494 838 1843 883 Reitzensteinio

278 917 564 960 scribendum
599 919 692 959 erat
723 930 764 972 p.
802 915 878 958 71:
914 914 1063 957 Wenn
1086 912 1271 970 jemand
1302 927 1384 955 aus
1406 911 1592 963 Hasiod,
1615 909 1845 968 Theognis

279 989 371 1031 und
408 987 693 1045 Phokylides,
727 986 892 1030 welche
936 985 1051 1029 doch
1093 984 1328 1041 allgemein
1362 983 1433 1027 die
1474 983 1629 1027 besten
1662 982 1845 1026 Berater

278 1062 373 1103 furs
399 1060 557 1103 Leben
590 1060 780 1110 hiessen,
815 1058 886 1101 die
919 1058 1141 1109 Gnomen,
1175 1056 1268 1099 also
1299 1055 1371 1099 die
1393 1054 1692 1112 Kernpunkte
1722 1053 1844 1098 ihrer

276 1132 510 1188 Dichtung
550 1131 794 1174 auswahlte
827 1145 863 1173 e.
898 1145 940 1187 q.
975 1145 1009 1173 s.
1052 1128 1254 1172 Conferri
1295 1131 1442 1184 potest-
1477 1126 1550 1170 hic
1581 1126 1705 1170 locus
1734 1139 1840 1170 cum

276 1205 371 1247 loco
405 1203 638 1254 Athenaei,
673 1202 727 1246 de
767 1217 857 1259 quo
901 1217 1001 1259 pag.
1039 1201 1120 1244 107
1164 1215 1267 1243 ann.
1307 1201 1341 1242 1.
1376 1199 1459 1256 egi,
1505 1198 1613 1256 quia
1649 1202 1843 1255 utroque

278 1291 370 1319 una
401 1290 505 1319 cum
540 1274 802 1332 Theognide
835 1273 1062 1317 Hesiodus
1093 1273 1291 1323 affertur,
1315 1271 1444 1328 quasi
1475 1269 1710 1327 utriusque
1740 1283 1843 1328 poe-¹

275 1349 335 1391 sis
354 1348 411 1391 sit
441 1362 563 1390 mere
596 1347 880 1390 sententiosa.
945 1345 1191 1396 Quontiam
1213 1348 1366 1387 autem
1398 1342 1565 1386 scimus
1586 1341 1840 1386 Hesiodum

275 1435 367 1462 non
400 1420 543 1462 solum
578 1433 736 1462 versus
768 1417 1073 1475 paraeneticos
1106 1416 1185 1460 sed
1215 1415 1351 1459 etiam
1382 1414 1470 1458 alia
1501 1413 1703 1457 carmina
1738 1422 1840 1458 con-

275 1492 518 1548 scripsisse,
553 1505 607 1534 ex
639 1490 788 1534 verbis
820 1489 1027 1533 Isocratis
1059 1489 1174 1532 effici
1219 1502 1311 1530 non
1355 1490 1502 1544 potest
1530 1483 1842 1542 Theognidem

274 1563 386 1606 nihil
418 1563 504 1606 nisi
538 1577 694 1606 versus
726 1561 1033 1619 praeceptivos
1071 1560 1240 1603 fecisse.
1306 1559 1405 1602 Hoc
1448 1557 1595 1602 solum
1625 1556 1843 1614 'sequitur'

274 1650 376 1678 eum
410 1635 518 1678 item
550 1638 686 1691 atque
719 1633 971 1677 Hesiodum
1002 1633 1087 1676 hoc
1119 1646 1281 1689 genere
1313 1630 1460 1688 poesis
1493 1643 1720 1673 summam
1749 1627 1840 1686 glo·

273 1708 385 1750 riam
419 1706 634 1764 adeptum
669 1720 775 1749 esse.
841 1705 929 1749 Sed
961 1704 1091 1748 nobis
1113 1718 1218 1747 cum
1240 1718 1332 1746 non
1365 1703 1422 1746 sit
1442 1701 1660 1759 quaestio,
1684 1705 1842 1751 utrum,

276 1793 432 1823 versus
464 1777 670 1821 amatorii
700 1777 887 1834 genuini
920 1776 1195 1834 Theognidis
1238 1775 1327 1818 sint
1360 1788 1513 1826 necne,
1555 1773 1752 1831 amplius
1781 1771 1838 1816 de

271 1851 356 1894 hoc
388 1851 483 1893 loco
516 1864 646 1907 agere
679 1864 770 1892 non
802 1863 982 1893 necesse
1015 1853 1092 1892 est.

415 1934 643 1985 Quoniam
676 1934 737 1976 sic
770 1947 926 1977 omncs
967 1933 1086 1976 locos
1126 1932 1417 1988 antiquorum
1449 1930 1730 1986 scriptorum,
1756 1920 1838 1986 qui

271 2006 328 2049 ad
370 2020 465 2049 rem
509 2005 640 2048 nobis
683 2005 960 2062 propositam
1005 2003 1340 2047 diiudicandam
1387 2001 1575 2045 alicuius
1618 1998 1836 2044 momenti

271 2092 366 2121 esse
398 2077 483 2121 visi
516 2082 633 2129 sunt,
667 2077 1052 2134 perlustravimus,
1075 2076 1167 2119 iam
1198 2076 1283 2118 hoc
1315 2089 1396 2131 pro
1428 2078 1547 2117 certo
1578 2071 1667 2116 dici
1689 2074 1838 2129 potest

271 2149 446 2192 nullum
479 2163 634 2192 eorum
667 2148 841 2191 obstare
885 2148 1131 2191 sententiae
1173 2152 1350 2191 nostrae
1394 2145 1449 2189 de
1496 2144 1680 2196 ratione,
1717 2156 1835 2201 quae

270 2221 386 2264 inter
417 2220 552 2264 libros
584 2227 630 2265 A
660 2224 703 2263 et
735 2226 776 2264 B
805 2219 1062 2263 intercedat.
