1780 3230
1074 45 1152 94 k)

179 654 301 697 Inter
339 653 511 697 codices
549 654 888 710 manuscriptos,
933 653 1097 710 quibus
1139 654 1337 697 carmina
1380 654 1585 710 elegiaca,

40 739 154 782 quae
175 725 448 782 Theognidis
479 739 643 767 110111011
675 726 837 776 ferunt,
870 724 1031 767 tradita
1062 728 1179 777 sunt,
1211 725 1342 781 longe
1363 729 1584 781 praestan-

39 797 262 840 tissimum
293 810 387 839 esse
409 796 606 839 codicem
637 796 938 838 Mutinensem
963 803 1009 840 A
1039 795 1115 838 diu
1147 797 1262 838 inter
1291 810 1446 838 onmes
1467 796 1586 840 viros

39 867 190 910 doctos
221 871 403 910 constat.
467 868 628 910 Differt
674 872 822 909 autem
867 867 940 909 hic
983 866 1124 909 codex
1165 867 1328 910 saeculi
1371 867 1530 910 decimi
1561 881 1588 910 a

41 939 196 982 ceteris
227 953 319 981 non
341 939 485 981 solum
508 953 559 981 eo
581 938 703 994 quod
724 938 915 994 optimas
938 938 1142 980 omnium
1160 938 1369 981 lectiones
1391 938 1586 995 praebet,

41 1009 118 1052 sed
139 1010 273 1053 etiam
306 1024 356 1052 eo
388 1009 509 1066 quod
540 1009 670 1065 longe
702 1009 851 1065 plures
882 1023 1038 1053 versus
1068 1009 1116 1051 in
1148 1023 1199 1051 eo
1231 1009 1403 1066 repetiti
1435 1009 1585 1065 legun-

42 1084 116 1124 tur
146 1095 284 1137 quam
315 1081 362 1123 in
395 1080 563 1132 ceteris,
587 1079 708 1136 quod
740 1094 791 1123 eo
815 1080 957 1122 rarius
991 1080 1085 1123 fieri
1117 1094 1206 1136 quo
1229 1079 1465 1123 deteriores
1497 1081 1585 1123 sint

39 1151 212 1195 codices
258 1153 430 1208 primus
476 1151 523 1193 F.
557 1151 790 1194 Nietzsche
833 1151 882 1193 in
913 1151 1026 1194 Mus.
1060 1151 1202 1194 Rhen.
1253 1152 1339 1194 vol.
1388 1152 1443 1193 22
1485 1166 1585 1208 pag.

43 1223 126 1266 166
158 1238 214 1265 ss.
247 1223 579 1266 demonstravit.
642 1222 831 1265 Excellit
875 1226 1102 1279 praeterea
1131 1222 1203 1264 hic
1244 1222 1383 1265 codex
1415 1227 1589 1279 praeter

40 1295 206 1337 ceteros
228 1308 278 1337 00
301 1293 421 1350 quod
453 1308 544 1336 non
566 1294 710 1336 solum
735 1294 846 1336 1220
867 1307 1022 1336 versus
1053 1293 1315 1350 (secundum
1347 1293 1586 1336 editionem

41 1369 246 1421 quartam
279 1365 608 1422 Bergkianam),
632 1365 710 1420 qui
742 1364 786 1406 in
819 1364 1000 1420 reliquis
1032 1364 1257 1407 codicibus
1288 1364 1455 1416 insunt,
1489 1379 1588 1407 con-

40 1437 163 1488 tinet,
197 1436 274 1479 sed
306 1437 438 1479 etiam
472 1437 526 1478 83
558 1436 645 1478 alia
666 1435 855 1478 disticha
884 1461 942 1466 —
973 1436 1181 1491 leguntur
1212 1435 1332 1478 0111111
1362 1436 1410 1478 111
1441 1435 1590 1478 codice

41 1513 87 1550 A
117 1511 291 1564 praeter
325 1508 408 1550 160
438 1521 605 1559 versus,
639 1521 751 1563 quos
777 1507 919 1562 Bergk
950 1507 997 1548 in
1029 1521 1071 1563 p.
1105 1506 1131 1548 1.
1166 1506 1217 1549 G.
1252 1506 1317 1549 ed.
1352 1507 1416 1550 IV
1448 1508 1589 1558 affert,

42 1579 127 1621 tria
156 1578 357 1630 disticha,
403 1592 519 1634 quae
562 1578 634 1621 ille
666 1578 826 1629 omisit,
860 1578 968 1634 quia
997 1578 1045 1620 111
1076 1578 1222 1634 priore
1253 1592 1434 1634 quoque
1466 1583 1590 1634 parte

41 1649 141 1692 libri
172 1650 475 1701 inveniuntur,
518 1649 639 1705 quod
680 1653 795 1691 recte
838 1649 990 1691 fecerit
1030 1663 1169 1691 necne
1199 1649 1317 1691 infra
1347 1649 1475 1691 nobis
1507 1649 1589 1691 erit

41 1721 392 1763 examinandum
415 1746 469 1751 —-
492 1719 656 1776 quibus
680 1721 735 1762 83
757 1719 957 1762 distichis
990 1720 1037 1761 in
1069 1719 1218 1762 codice
1241 1720 1590 1776 superscriptum

40 1796 107 1834 est
135 1787 353 1847 Ἐλεγείων
385 1798 435 1834 Β.
500 1792 626 1841 Quae
657 1791 836 1834 alterius
883 1790 982 1832 libri
1023 1791 1251 1847 inscriptio
1296 1805 1398 1833 cum
1439 1795 1589 1847 aperte

41 1863 248 1919 respiciat
272 1863 329 1905 ad
350 1863 530 1906 titulum
553 1863 710 1918 prioris
732 1862 845 1913 libri,
871 1862 950 1918 qui
972 1866 1037 1904 est
1061 1862 1291 1917 Θεόγνιδος
1314 1864 1512 1917 ἐλεγείων
1529 1867 1587 1914 Α,

42 1933 234 1976 dubitari
265 1949 356 1976 11011
389 1939 543 1990 potest,
577 1934 686 1989 quin
718 1934 769 1985 is,
803 1933 880 1989 qui
911 1937 1110 1975 nostram
1150 1933 1451 1975 collectionem
1484 1946 1589 1975 cum

42 2005 186 2061 priore
217 2006 460 2056 coniunxit,
495 2019 592 2048 eam
626 2019 716 2047 non
748 2005 897 2047 minus
939 2018 1076 2060 quam
1117 2004 1309 2060 priorem
1341 2003 1591 2059 Theognidi

41 2075 255 2119 tribuerit.

796 2217 827 2259 I.

183 2301 296 2343 Cum
328 2306 476 2344 autem
510 2301 557 2343 in
601 2300 809 2343 omnibus
852 2301 942 2342 fere
973 2296 1043 2342 his
1079 2301 1159 2342 166
1198 2299 1400 2343 versibus
1431 2305 1590 2356 agatur

42 2372 97 2415 de
128 2386 277 2414 amore
309 2373 479 2428 puerili,
514 2372 625 2414 duas
657 2372 819 2427 elegias
850 2386 890 2414 v.
930 2371 1160 2413 1231—-34
1191 2375 1234 2413 et
1265 2385 1305 2414 v.
1343 2372 1454 2414 1386
1471 2398 1505 2401 —v
1517 2372 1587 2422 89,

42 2458 233 2499 quarum
265 2443 310 2485 in
343 2443 491 2494 altera,
527 2457 642 2499 quae
674 2447 738 2485 est
769 2443 814 2484 111
847 2442 973 2484 initio
1004 2442 1138 2484 totius
1170 2441 1268 2483 libri
1302 2448 1352 2493 B,
1386 2442 1509 2493 Eros,
1543 2443 1590 2484 in

42 2514 191 2564 altera,
224 2528 339 2570 quae
371 2513 534 2556 librum
566 2513 801 2565 concludit,
836 2514 991 2556 Venus
1022 2513 1266 2563 invocatur,
1300 2513 1346 2554 in
1391 2512 1586 2555 eundem

42 2585 227 2628 modum
258 2585 539 2641 accipiendas
570 2599 664 2627 esse
696 2599 775 2640 pro
808 2588 925 2627 certo
958 2574 1148 2626 statuere
1180 2598 1431 2640 possumus,
1465 2598 1585 2640 prae-

42 2657 194 2699 sertim
239 2670 342 2698 cum
388 2656 487 2698 talis
533 2656 718 2698 deorum
765 2655 1016 2711 imploratio
1065 2655 1230 2711 optime
1281 2654 1327 2695 in
1374 2654 1500 2696 initio
1547 2658 1590 2696 et

42 2727 130 2770 fine
161 2727 410 2770 carminum
437 2727 754 2770 amatoriorum
775 2726 882 2782 poni
912 2726 1063 2782 possit.
1127 2726 1217 2767 Nec
1249 2725 1375 2767 aliter
1396 2726 1588 2781 cogitan-

43 2798 152 2841 dum
183 2803 248 2841 est
275 2798 329 2840 de
360 2813 399 2842 v.
439 2798 667 2840 1351-52
1287 2858 1304 2889 1
