1898 3418
724 163 1018 206 -15—

0 308 22 327 π
89 293 169 345 est,
210 293 356 336 eidem
398 297 556 350 poetae
591 292 880 336 tribuendum
923 299 1002 337 est.
1063 294 1156 337 Nec
1197 294 1324 337 aliter
1351 293 1645 337 iudicandum

24 352 26 354 ’
88 369 156 407 est
164 364 220 408 de
232 380 275 408 v.
290 365 535 420 lon-22,
545 379 599 408 ex
607 365 772 422 quibus
781 364 997 408 Stobaeus
1007 365 1167 414 CXVI,
1179 366 1399 409 34versus
1413 366 1575 408 1020-
1588 366 1644 407 22

87 435 347 479 Mimnermi
377 436 559 479 nomine
600 437 741 479 affert.
804 436 871 479 De
914 437 1001 479 alio
1032 441 1181 479 autem
1212 436 1403 480 disticho
1443 436 1642 479 eiusdem

87 511 245 564 poetae
268 507 391 564 apud
413 506 652 550 Stobaeum
677 507 757 559 XI,
781 510 800 549 l
834 508 1008 559 tradito,
1046 508 1168 564 quod
1203 508 1251 550 in
1290 507 1482 550 editione
1514 508 1644 564 Berg-

19 614 26 618 ,
89 578 226 622 kiana
265 594 308 622 v.
345 579 576 621 1227—28
606 579 769 635 legitur
799 584 842 621 et
881 580 1008 622 cuius
1039 580 1218 622 initium
1251 579 1532 636 deperditum
1564 584 1643 631 est,

89 649 164 693 hie
194 664 286 693 non
318 650 630 693 disserendum
670 654 748 698 est,
781 664 885 693 cum
926 665 1017 693 non
1058 651 1104 693 in
1142 650 1369 694 codicibus
1401 655 1532 702 extet,
1565 651 1643 693 sed

86 734 255 764 errrore
286 721 430 764 Grotii
458 722 506 764 in
538 725 711 764 textum
742 721 957 764 librorum
988 726 1217 779 receptum
1248 722 1317 765 sit.

227 817 368 859 Paulo
411 816 633 859 difficilior
673 821 740 859 est
769 818 971 873 quaestio
1002 817 1057 860 de
1088 817 1291 861 versibus
1323 818 1480 860 Eueno
1510 817 1642 860 Pario

83 887 391 931 attribuendis.
452 888 637 944 Legitur
667 889 788 931 enim
817 904 859 931 v.
892 889 979 931 472
1011 894 1106 934 πᾶν
1135 891 1221 948 γάρ
1241 891 1486 945 ἀναγκαῖον
1514 895 1641 949 χρῆμ’

83 957 266 1019 α’νιηρὸν
277 958 367 1014 ἔφυ.
386 959 558 1010 Quodsi
571 973 672 1002 cum
683 959 767 1002 hoc
774 974 907 1002 versu
920 960 1292 1017 comparabimus,
1305 975 1421 1016 (1080
1433 960 1645 1017 leguntur

83 1029 218 1073 Arist.
262 1031 456 1087 Metaph.
490 1030 616 1082 IV,5
654 1031 703 1075 τὸ
746 1033 829 1090 γιὶρ
870 1036 1021 1084 βίαιον
1060 1032 1305 1087 ἅναγκαῑον
1344 1034 1529 1087 λέγεται,
1571 1033 1640 1076 διὸ

85 1110 161 1147 καὶ
201 1103 408 1162 λυπηρόν,
452 1099 598 1162 ὥσπερ
638 1110 711 1147 καῖ
754 1101 925 1160 Εὔηνός
971 1117 1084 1160 φησι·
1128 1109 1233 1148 Ποῖν
1269 1102 1355 1163 γὰρ
1396 1103 1642 1158 ἀναγκαῖον

28 1179 31 1181 “
82 1177 247 1232 πρᾶγμ’
289 1172 479 1233 ἀνιαρόν
518 1174 611 1229 ἔφυ,
652 1188 745 1216 11011
784 1173 1103 1226 dubitabimus,
1145 1174 1258 1230 quin
1301 1174 1446 1217 eidem
1485 1179 1641 1230 poetae

82 1248 271 1301 uterque
291 1259 449 1288 versus
470 1244 734 1288 tribuendus
756 1245 825 1296 sit,
858 1260 965 1288 nam
986 1245 1224 1288 discrimen
1246 1246 1336 1288 fere
1359 1246 1535 1288 nullum
1556 1250 1639 1288 est.

86 1315 241 1359 Oritur
280 1317 418 1373 igitur
463 1317 679 1373 quaestio,
728 1321 838 1373 quot
876 1331 1032 1359 versus
1079 1331 1135 1359 ex
1177 1317 1542 1360 antecedentibus
1597 1322 1638 1359 et

83 1387 374 1444 sequentibus
396 1402 500 1431 cum
522 1403 564 1431 v.
587 1389 675 1430 472
706 1388 1008 1444 coniungendi
1040 1389 1141 1431 sint.
1176 1389 1465 1445 Quamquam
1486 1394 1638 1431 autem

82 1459 169 1503 viri
199 1459 317 1502 docti
337 1459 467 1502 valde
500 1459 780 1511 dissentiunt,
803 1464 956 1501 utrum
976 1474 1131 1503 versus
1162 1460 1367 1503 467—96
1398 1475 1535 1503 unam
1557 1460 1638 1502 ele-

81 1530 204 1586 giam
228 1530 423 1573 efficiant
444 1557 501 1562 -
522 1530 646 1587 quod
676 1530 774 1574 vult
804 1531 951 1587 Bergk
972 1557 1016 1562 —
1049 1545 1108 1573 an
1139 1532 1185 1573 in
1220 1532 1471 1588 complures
1492 1536 1640 1588 partes

84 1600 323 1644 dirimendi
354 1602 456 1654 sint,
489 1601 611 1658 quod
652 1603 853 1645 fecerunt
883 1602 1069 1653 Bekker,
1103 1603 1318 1655 Welcker,
1350 1603 1561 1659 Hartung
1590 1603 1638 1645 in

80 1671 363 1725 editionibus,
396 1673 451 1716 de
475 1673 669 1716 Leutsch
700 1674 748 1715 in
769 1673 881 1715 Phil.
905 1674 989 1717 vol.
1014 1674 1149 1716 XXX
1180 1689 1280 1731 pag.
1304 1675 1390 1717 662
1407 1689 1464 1726 ss,
1486 1679 1638 1717 tamen

81 1757 237 1787 omnes
260 1744 512 1787 conceth
533 1759 688 1788 versus
708 1745 914 1787 467—74
931 1745 1047 1787 inter
1063 1759 1110 1788 se
1131 1745 1378 1788 cohaerere.
1410 1745 1452 1787 N
1455 1760 1504 1788 ec
1524 1746 1636 1788 mihi

80 1814 136 1858 de
166 1815 373 1868 Leutsch,
407 1817 487 1872 qui
517 1816 544 1858 l.
574 1830 609 1859 0.
634 1815 857 1858 uberrime
889 1816 943 1859 de
974 1816 1059 1859 hac
1090 1817 1231 1872 elegia
1252 1817 1355 1872 egit,
1388 1822 1505 1860 recte
1526 1817 1637 1859 iudi-

79 1900 202 1930 casse
234 1887 423 1939 videtur‚
446 1888 526 1944 qui
556 1892 711 1930 contra
733 1887 982 1930 Aristotelis
1013 1888 1320 1930 testimonium
1350 1888 1435 1931 hoc
1456 1902 1636 1931 carmen

83 1958 358 2015 Theognidis
388 1973 483 2002 esse
515 1958 756 2010 contendit,
791 1959 869 2001 sed
899 1959 1142 2015 Bergkium
1174 1960 1322 2016 potius
1358 1959 1637 2015 sequendum

80 2043 176 2073 esse
206 2034 331 2087 puto,
354 2031 434 2086 qui
458 2031 615 2073 Eueno
636 2031 767 2073 Pario
797 2031 957 2073 maiori
988 2035 1162 2073 nostros
1193 2045 1349 2074 versus
1379 2030 1640 2073 tribuendos

85 2115 181 2144 esse
211 2102 411 2160 censet¹).
447 2101 623 2144 Summi
654 2106 806 2144 autem
836 2102 1055 2145 momenti
1085 2107 1163 2153 est,
1197 2102 1319 2158 quod
1349 2102 1397 2144 in
1428 2102 1498 2144 his
1528 2102 1638 2158 ipsis

4 2182 11 2186 “
83 2172 286 2216 versibus
316 2187 483 2216 nomen
514 2173 758 2216 Simonidis
789 2173 918 2216 nobis
954 2173 1156 2225 occurrit,
1190 2173 1298 2229 quia
1326 2173 1439 2216 illud
1470 2188 1634 2216 nomen

83 2244 315 2300 proprium
344 2244 507 2287 iterum
536 2245 585 2286 in
606 2244 719 2287 libro
750 2248 796 2288 Α
825 2260 866 2288 v.
901 2245 984 2288 667
1007 2245 1247 2288 invenitur.
1297 2245 1399 2295 Qua
1428 2244 1483 2287 de
1504 2258 1639 2287 causa

82 2319 199 2358 recte
235 2315 347 2357 mihi
378 2316 596 2372 Bergkius
628 2330 727 2359 eam
765 2330 945 2372 quoque
976 2316 1163 2372 elegiam
1193 2331 1234 2359 v.
1269 2316 1471 2358 667—82
1503 2316 1637 2358 conti-

83 2390 279 2438 nentem,
302 2386 429 2430 cuius
449 2387 498 2429 in
518 2387 645 2430 initio
667 2401 833 2430 nomen
855 2387 1097 2430 Simonidis
1118 2387 1291 2443 legitur,
1315 2387 1459 2429 eidem
1481 2392 1637 2443 poetae

84 2457 338 2501 attribuisse
354 2458 542 2501 videtur.
575 2458 659 2501 Cui
675 2473 883 2502 assensus
905 2463 971 2501 est
983 2458 1039 2501 de
1054 2458 1248 2501 Leutsch
1265 2458 1378 2500 Phil.
1396 2459 1481 2502 vol.
1500 2459 1635 2500 XXX

83 2543 187 2586 pag.
220 2530 306 2572 233
338 2530 467 2573 novis
508 2530 784 2586 argumentis
815 2544 907 2572 non
947 2530 1123 2582 additis,
1166 2530 1289 2586 quod
1318 2534 1434 2572 certe
1470 2530 1637 2571 mirum

86 2601 229 2644 videri
260 2605 418 2657 potest,
440 2601 655 2658 quoniam
676 2601 796 2644 idem
816 2602 886 2645 vir
906 2601 1062 2644 doctus
1081 2601 1270 2644 alterum
1290 2601 1439 2644 locum
1459 2615 1487 2643 a
1507 2600 1635 2643 nobis

86 2676 338 2724 tractatum,
370 2687 461 2729 quo
492 2672 744 2716 Simonides
775 2674 1036 2730 appellatur,
1068 2673 1225 2716 Eueno
1255 2671 1491 2715 abiudicat.

230 2909 258 2954 ¹)
283 2910 328 2945 cf.
354 2909 621 2946 annotationem
647 2909 723 2945 eius
748 2910 793 2945 ad
819 2921 852 2945 v.
879 2912 981 2945 467-
997 2914 1041 2945 96
1067 2915 1105 2946 et
1130 2920 1220 2955 quae
1246 2920 1279 2955 p.
1307 2910 1329 2945 1.
1356 2911 1426 2948 vol.
1462 2909 1514 2947 II.
1554 2922 1636 2956 pag.

86 2970 153 3004 271
169 2980 204 3005 ss
229 2970 272 3004 de
299 2969 423 3004 Eueno
447 2969 554 3004 Pario
579 2969 713 3004 maiore
737 2975 775 3004 et
798 2969 934 3004 minore
958 2970 1123 3014 exposuit
1147 2970 1205 3004 vir
1228 2970 1366 3006 doctus.
